2967 4684
227 299 313 352 'rvr
591 369 592 373 Ἰ
618 276 954 350 TESTIMONIA

254 400 356 476 viora
374 399 491 473 fecit:
515 397 623 498 idque
641 426 722 505 qua
752 399 824 473 fide
853 399 973 473 dicere
1003 425 1078 472 non
1104 426 1314 500 possumus,

253 510 400 610 quando
414 535 456 582 ea
469 507 577 580 hodie
590 532 665 580 non
682 523 844 599 exstent·
865 524 903 582 et
920 509 1073 581 haud
1027 535 1099 584 scio
1117 526 1241 586 utrum
1257 514 1316 628 isti

253 618 542 743 abbreviatores,
571 629 617 690 ut
635 619 689 691 ita
711 619 862 720 loquar,
889 645 1106 720 magnorum
1127 636 1316 698 auctorum

254 730 334 829 plus
354 728 516 801 criminis
528 729 785 855 committant,
807 756 854 801 au
872 729 953 828 plus
974 731 1118 804 erroris
1146 734 1287 808 Multi
1277 763 1316 806 rn

254 866 296 912 ea
321 853 404 913 sunt
435 840 608 938 opinione
640 840 736 916 Livii
768 839 938 938 operibus
973 842 1133 915 multum
1163 845 1318 918 obfirisse

253 953 298 1024 L.
319 950 417 1023 Flori
437 951 719 1043 racemationeS,
739 966 776 1022 et
794 951 919 1052 Trogo
937 951 1034 1025 hunc
1047 951 1244 1026 lustinum.
1265 954 1320 1026 Ut

253 1071 295 1130 ut
310 1084 367 1130 res
385 1071 464 1149 est,
484 1073 582 1132 certe
610 1059 667 1131 hic
693 1073 818 1131 auctor
841 1058 892 1130 ita
914 1073 1098 1156 susceptus
1115 1074 1194 1151 est,
1220 1059 1317 1132 acin

252 1167 292 1239 id
309 1168 532 1265 auctoritatis
550 1169 672 1261 venit,
692 1183 733 1240 ut
750 1167 918 1242 credatur
936 1195 1020 1242 cum
1039 1169 1193 1242 utilitate
1211 1167 1283 1270 legi
1306 1202 1314 1242 :

253 1259 533 1377 comprehendit
546 1279 643 1354 enim
656 1279 822 1353 Graecam
835 1307 876 1353 ac
889 1283 1113 1372 Romanam,
1127 1281 1217 1353 item
1226 1280 1318 1352 mul-

253 1403 374 1461 tarum
404 1389 639 1462 barbararum
668 1389 833 1491 gentium
858 1389 1069 1482 historiam,
1093 1417 1159 1489 per
1183 1391 1316 1464 multos

252 1511 438 1574 extentam
460 1526 594 1591 annoS,
621 1527 755 1598 nempe
772 1500 827 1572 bis
846 1499 947 1573 mille
974 1529 996 1572 a
1019 1500 1120 1574 Nino
1142 1501 1219 1573 Reli
1241 1499 1317 1572 filio

253 1609 299 1681 ad
329 1611 486 1710 Augusti
514 1610 663 1684 Caesaris
694 1636 806 1711 usque
838 1624 1018 1708 tempora
1056 1609 1232 1682 Latinitas
1260 1620 1318 1681 ut·

250 1745 394 1820 cunque
411 1737 572 1815 constat,
593 1721 643 1795 ita
665 1737 790 1795 tamen
806 1735 940 1792 utnon
965 1744 1078 1817 parvo
1103 1717 1317 1810 intervallo,

252 1831 490 1924 Suetonium,
510 1859 551 1906 ac
577 1831 735 1931 reliquos
758 1829 920 1928 ejusdem
940 1827 1059 1898 classis
1077 1841 1114 1900 et
1131 1827 1318 1926 elegantiae

254 1956 418 2018 auctores
437 1956 620 2043 sequatur.

472 2118 705 2189 JACOBUS
737 2113 1101 2202 RONGARSIUS,

570 2278 619 2323 an
641 2275 839 2322 ammoneri
863 2275 1006 2323 rosano.

244 2469 248 2476 .
376 2402 540 2474 Justinus
557 2397 672 2497 Trogi
691 2400 919 2475 abbreviator
936 2427 1012 2499 quo
1028 2414 1195 2499 tempore
1212 2401 1316 2475 vixe-

251 2515 326 2603 rit,
357 2537 433 2585 non
451 2511 565 2582 babeo
588 2509 719 2579 dicere.
746 2509 909 2580 Fortasse
926 2508 1007 2604 quis
1025 2532 1136 2598 eum,
1159 2508 1316 2606 imperio

252 2616 607 2717 Constantinopolim
626 2614 823 2706 translato,
843 2613 1005 2686 floruisse
1016 2614 1162 2715 collegit
1178 2643 1223 2689 ex
1240 2621 1316 2716 ejus

222 2759 225 2767 ·
251 2731 346 2805 libro
359 2731 469 2822 Vlll,
497 2753 612 2827 quum
641 2725 784 2825 inquit,
807 2725 992 2798 Graeciam
1011 2730 1122 2798 etiam
1143 2753 1263 2818 nurse,
1282 2742 1318 2801 et

251 2841 409 2932 uiribus,
432 2855 467 2914 et
480 2839 680 2936 dignitate,
700 2835 792 2910 ortis
809 2850 984 2910 terrarum
994 2840 1216 2937 principem:
1236 2865 1318 2939 quae

251 2967 376 3026 tamen
392 2953 598 3051 conjectura
615 2946 705 3023 levis
721 2962 775 3020 est
792 2946 913 3020 nimis.
934 2947 1032 3020 Nam
1049 2949 1149 3047 quod
1168 2948 1317 3048 quidam

252 3061 452 3136 Methodici
464 3061 630 3136 claruisse
639 3085 724 3132 eum
736 3085 833 3132 anno
845 3058 980 3132 Christi
998 3059 1065 3132 150
1077 3059 1316 3158 scripserunt,

251 3172 355 3247 nullo
368 3187 514 3246 auctore
532 3184 761 3244 asseruerunt
780 3200 788 3241 :
807 3170 846 3242 in
858 3194 1021 3243 errorem
1038 3170 1200 3261 inducti,
1218 3170 1318 3268 quod

252 3285 329 3359 haec
347 3281 508 3383 epitoma
517 3282 561 3354 in
573 3279 685 3383 vulgo
697 3280 802 3354 editis
814 3279 915 3354 libris
927 3282 1105 3358 Aaronom
1118 3307 1318 3354 rnrrnaronr

252 3395 491 3485 inscribatur,
521 3407 647 3466 contra
676 3405 843 3468 veterum
873 3393 1040 3467 codicum
1070 3391 1194 3464 fidem.
1214 3392 1318 3466 Vixit

241 3506 401 3606 quidem
413 3505 480 3579 sub
491 3503 681 3578 Antonino
692 3501 855 3576 Justinus
866 3501 1009 3602 Martyr
1018 3515 1055 3574 et
1063 3501 1316 3599 Philosophus,

253 3620 354 3716 cujus
372 3629 513 3690 exstant
535 3640 646 3714 opera
663 3613 813 3706 Groeca,
833 3629 871 3687 et
894 3615 958 3714 qni
977 3639 1075 3686 anno
1097 3617 1163 3704 143
1182 3613 1317 3686 librum

254 3750 323 3825 pro
340 3741 463 3800 nostra
480 3723 655 3826 religione
671 3725 917 3824 compositum
937 3723 1128 3798 Antonino
1145 3722 1315 3813 tradidit,

245 3851 298 3940 ut
327 3851 381 3911 est
408 3835 640 3926 inchronica
666 3836 823 3910 Eusebii.
852 3838 963 3909 Hunc
981 3835 1034 3907 illi
1055 3833 1212 3908 eundem
1232 3858 1317 3906 cum

254 3963 380 4048 nostro
397 3949 512 4022 facere
530 3947 722 4041 videntur3
743 3962 781 4021 et
800 3963 883 4021 ante
901 3975 962 4022 eos
978 3946 1099 4021 nescio
1115 3947 1195 4047 quis
1212 3946 1318 4017 Mar-

255 4059 351 4136 tinus
380 4060 563 4155 Pelorus,
592 4059 690 4142 nulla
719 4059 897 4161 probabili
922 4059 1076 4137 ratione.
1105 4057 1315 4145 Justinmn,
