2967 4684
428 320 817 391 mummolenus
841 305 1002 390 taces.
1203 331 1247 417 ⁶9

177 442 335 523 Galliam
351 440 561 531 originesque
582 438 849 525 Pannoniorum,
870 458 903 509 et
924 441 1126 509 incrementa
1140 442 1247 509 Daco-

177 542 563 642 rum,perllubobosten
574 564 697 633 regem.
709 543 748 609 Iu
758 544 833 610 Asia
843 544 999 617 belluina
1010 564 1087 635 rege
1098 546 1274 614 Eumenes

178 664 307 738 gestum
327 645 480 713 adversus
500 644 631 712 Gallum
648 646 895 737 Ortiagontem‚
910 648 1112 715 Pharnacem
1132 648 1246 715 Ponti-

178 771 260 813 cum
276 762 310 813 et
328 748 493 833 Prusiam,
513 747 687 830 adjurante
705 749 854 817 Prusiam
866 748 1048 819 Hannibale
1062 752 1172 817 Poeno.
1183 753 1274 822 Raso

179 865 279 937 gesta
292 850 482 917 Hannibalis
495 866 571 942 post
585 851 711 917 vietum
725 854 939 919 Antiochum.
951 856 994 921 Et
1006 877 1098 937 mox,
1112 872 1246 921 mortuo

179 952 337 1038 Seleuco,
351 952 422 1020 lilio
442 955 552 1044 magui
570 954 745 1038 Antiochi,
761 956 916 1021 successit
936 978 1038 1047 regno
1057 956 1158 1023 frater
1177 958 1246 1023 Au·

178 1054 320 1121 tiochus.

411 1149 662 1231 PROLOGUS
682 1150 815 1207 LIBHI
836 1150 1009 1209 xxxlu.

222 1276 336 1343 Tertio
350 1294 386 1345 et
398 1280 566 1345 tricesimo
580 1280 750 1346 volumine
767 1282 982 1347 continentur
998 1281 1068 1345 hoec
1083 1304 1091 1345 :
1109 1281 1154 1344 Ut
1169 1304 1245 1345 cusu
1260 1304 1272 1339 1

179 1378 290 1463 Perse,
308 1381 457 1470 Philippi
480 1381 567 1464 lilio,
587 1404 666 1472 rege
689 1382 932 1464 Macedonum,
955 1383 1095 1448 Romani
1119 1383 1246 1449 bellum

178 1483 351 1570 gesserint:
365 1504 434 1571 quo
445 1498 542 1571 capto
555 1482 664 1548 deleta
678 1500 727 1550 est
740 1486 869 1574 Epiros.
884 1484 1035 1547 AEtolicaa
1047 1484 1193 1547 ciuitates
1204 1483 1246 1546 ab
1260 1511 1274 1545 a

178 1584 304 1649 unitate
318 1585 467 1675 corporis
483 1582 651 1666 deducte,
670 1588 759 1650 inter
774 1586 909 1650 Achaeos
930 1600 963 1649 et
983 1583 1248 1651 Lacedaemonios

178 1689 354 1753 certamine
379 1704 456 1753 orto
478 1709 486 1752 ε
506 1687 634 1753 bellum
659 1708 773 1752 rursus
798 1687 834 1752 in
859 1686 1053 1753 Macedonia
1078 1702 1206 1777 gestum
1228 1710 1247 1750 a

109 1821 112 1831 ·
179 1790 330 1857 Romanis
344 1814 423 1857 cum
439 1787 750 1880 Pseudo-Philippo.

415 1944 665 2003 PROLOGUS
685 1944 816 2001 LIBRI
835 1943 1004 2001 XXXIV.

221 2078 347 2161 Quarto
363 2093 397 2143 et
412 2076 578 2142 tricesimo
593 2076 765 2141 volumine
781 2078 996 2141 continentur
1010 2076 1081 2141 haec
1096 2073 1246 2139 :Bellum
1261 2102 1273 2137 1

179 2179 370 2261 Achaicum,
384 2178 476 2267 quod
488 2179 629 2243 Romani
645 2200 706 2269 per
719 2178 895 2243 Metellum
912 2193 945 2243 et
960 2177 1159 2243 Mummium
1175 2198 1246 2264 ges·

178 2303 250 2345 sere
261 2303 269 2344 z
280 2304 346 2368 quo
358 2281 467 2347 diruta
479 2296 528 2347 est
544 2280 736 2346 Corinthus.
750 2281 879 2346 Bellum
896 2279 981 2368 regis
995 2278 1152 2343 Eumenis
1169 2299 1245 2341 cum
1260 2308 1274 2342 a

180 2380 417 2466 Gallo-Grecis,
428 2400 461 2449 et
472 2384 506 2447 in
516 2382 638 2449 Pisidia
648 2406 725 2447 cuna
735 2382 956 2472 Selgensibus.
967 2382 1045 2461 Res,
1059 2402 1138 2468 quas
1150 2380 1246 2468 gessit
1259 2394 1275 2447 3

178 2484 279 2574 Syriae
295 2507 353 2549 rex
368 2485 568 2569 Antiochus,
584 2502 618 2550 et
633 2508 692 2551 rex
708 2484 844 2576 AEgypti
862 2483 1067 2549 Ptolemaeus.
1088 2482 1275 2571 Repetitae4

177 2585 255 2651 inde
270 2589 413 2677 origines
429 2612 546 2679 regum
562 2588 806 2680 Cappadocum.
824 2588 887 2671 Ut,
903 2601 1037 2651 mortuo
1051 2584 1247 2664 Ptolemaeo,

176 2689 281 2755 relicti
302 2691 345 2756 ab
368 2716 408 2757 eo
432 2690 490 2759 lilii
509 2691 578 2757 duo
598 2692 805 2757 Philometor
826 2706 859 2756 et
879 2692 1077 2779 Euergetes,
1099 2688 1246 2777 primum

178 2812 253 2857 cum
266 2793 432 2859 Antiocho
444 2793 593 2861 habuere
605 2794 749 2875 bellum,
765 2793 855 2882 quod
868 2816 928 2884 per
939 2794 1103 2857 Romanos
1115 2790 1247 2856 finitum
1359 2798 1361 2808 '

177 2909 241 2978 est,
251 2895 374 2962 deinde
389 2898 476 2963 inter
490 2920 544 2980 se,
557 2920 625 2987 quo
640 2901 745 2980 major
761 2913 810 2963 est
825 2896 999 2985 expulsus:
1012 2896 1246 2981 restitutoque,

177 2995 316 3063 Romani
336 3000 422 3064 inter
443 3000 560 3065 fratres
582 3024 685 3091 regna
710 3000 903 3066 diviserunt.
921 2998 987 3081 Ut,
1010 3012 1143 3062 mortuo
1169 3008 1274 3084 reges
1314 3030 1318 3037 ·

177 3098 275 3189 Syrie
289 3102 474 3187 Antiocho,
489 3105 694 3188 Demetrius,
714 3101 911 3192 cognomine
928 3104 1038 3183 Soter,
1055 3100 1113 3187 qui
1133 3098 1246 3161 Romae

209 3265 348 3323 mm.
368 3290 395 3323 r.
417 3270 537 3323 AEtolicoe.
560 3270 688 3341 Bongars.
730 3285 830 3323 nomen
849 3262 913 3319 addi
931 3262 990 3317 vult
1008 3260 1203 3329 Longeruoeus,
1220 3268 1246 3308 ot

175 3346 297 3400 emendat
311 3348 443 3414 Achaica,
462 3361 542 3403 recte.
555 3378 589 3388 -
606 3348 691 3401 Deleta
731 3344 836 3399 addidit
861 3342 1024 3398 Gronovius.
1040 3337 1129 3390 Verbo
1158 3345 1245 3387 autem

175 3437 212 3475 αἱ
222 3430 317 3499 apim
337 3428 378 3481 De
392 3425 497 3500 direpta
509 3428 606 3501 Epiro,
621 3428 649 3481 h.
664 3446 687 3480 c.
730 3420 905 3497 precedentis
914 3458 923 3483 ,
932 3421 1064 3492 repetita...
1078 3410 1245 3483 quodocum

174 3502 252 3574 Epiri
272 3504 441 3573 civitatibus,
462 3506 534 3559 conl.
555 3506 689 3559 Plutarch.
729 3504 818 3559 alieno
826 3500 972 3574 planeloco
981 3488 1245 3569 pontemollem&

176 3581 281 3646 AEmflw
296 3600 354 3655 up·
376 3590 427 3652 493
450 3584 562 3656 Eutrop.
579 3582 638 3647 IV,
653 3586 688 3649 ὃς
731 3595 793 3639 sunt
805 3582 833 3635 in
846 3580 900 3633 fine
914 3578 938 3647 S.
953 3577 978 3631 5.
988 3586 1049 3647 post
1067 3568 1243 3642 Cappadocum.

174 3658 269 3732 Polyb·
279 3660 375 3735 fragm.
384 3663 431 3716 lib.
442 3662 500 3714 vlt
507 3680 517 3730 3
528 3663 588 3718 Liv.
600 3662 688 3728 XLV,
767 3654 791 3721 d.
811 3666 843 3712 Ut
854 3667 946 3709 mortuo
960 3666 1011 3707 etc.
1022 3650 1095 3705 Falso
1103 3648 1159 3703 hsec
1170 3660 1245 3713 suat;

177 3738 226 3803 333
240 3751 268 3791 et
279 3740 343 3793 alibi
356 3742 462 3815 passim.
729 3738 864 3798 Anu'ocho
883 3735 954 3789 enim
979 3732 1078 3803 Magno
1098 3746 1168 3795 anno
1194 3726 1244 3795 567

209 3814 344 3870 mlv·
361 3822 388 3877 3.
404 3822 553 3875 Ptolemaeus
571 3820 690 3895 Epipha·
731 3830 839 3871 mortuo
851 3811 974 3869 successit
986 3810 1112 3865 Seleucus
1123 3806 1165 3859 1v
1180 3806 1244 3859 Phi-

174 3913 238 3962 ¹¹²⁸s
257 3897 332 3968 quod
355 3918 453 3955 nomen
480 3900 525 3954 hic
548 3898 612 3954 addi
634 3902 692 3954 vult
732 3893 912 3970 lopatortcui
925 3908 974 3963 per
990 3887 1164 3943 Heliodorum
1180 3903 1246 3973 pur·

174 3973 349 4045 Boagmias,
358 3978 445 4033 alieno
453 3981 514 4033 loco
524 3991 586 4051 post
596 3982 689 4051 Coppa·
731 3988 857 4049 ptumum
867 3982 959 4025 necato
970 3966 1094 4023 successit
1106 3965 1185 4019 irater
1198 3980 1245 4013 sns-

175 4051 263 4104 docm
275 4056 407 4125 positum,
420 4057 466 4111 ubi
477 4056 574 4111 deleri.
732 4072 784 4107 nor
804 4049 949 4105 Antiochus
968 4046 1008 4101 lv
1030 4044 1182 4117 Epiphanes
1201 4056 1244 4089 sn.

211 4136 237 4194 l.
262 4132 400 4189 Ptolemae.
428 4136 588 4215 Epiphane,
617 4133 690 4209 quod
734 4115 1243 4205 578-590.asquehujsndemumtilio.
