2967 4684
150 421 152 428 ,
237 359 307 455 378
658 359 677 425 J
685 353 867 425 USTINI

146 470 150 478 ⁴
235 483 477 554 ostentatione
497 479 626 550 virium
651 492 788 548 metum
815 501 852 548 se
878 477 1026 572 injicere
1050 477 1293 565 existimabat,

205 603 360 665 ficorum
380 593 519 662 animos
533 605 573 661 ut
588 588 633 660 ad
649 589 808 687 opimam
827 587 983 685 praedam
998 587 1207 659 solicitabat.
1223 594 1292 659 Ita·

235 731 305 803 que
318 705 420 802 legati
433 701 478 774 ad
492 726 574 773 suos
587 701 736 788 reversi,
748 700 871 770 omnia
883 701 923 769 in
936 699 1051 795 majus
1061 697 1292 787 extollentes,

204 832 320 913 aupes
334 814 467 912 pariter
478 828 514 883 et
526 811 778 908 negligentiam
789 812 882 906 regis
893 809 1110 881 ostendunt:
1121 839 1138 874 α
1148 808 1293 882 Referta

232 950 321 996 auro
341 939 377 997 et
397 938 547 1022 argento
567 937 701 1010 castra3
714 920 778 993 sed
796 945 918 1019 neque
934 918 1045 1005 vallo,
1062 917 1199 991 fossave
1215 945 1295 990 mu-

232 1037 308 1104 nita
322 1063 330 1104 :
344 1051 380 1106 et
394 1037 496 1133 quasi
510 1035 593 1107 satis
605 1035 823 1105 munimenti
836 1035 874 1103 in
889 1033 1020 1103 divitiis
1033 1031 1228 1119 haberent,
1242 1034 1292 1103 ita

187 1170 219 1206 10
232 1169 293 1216 eos
307 1148 429 1216 omnia
445 1143 564 1217 officia
577 1143 743 1216 militaria
759 1145 991 1233 intermisisse
1005 1171 1013 1212 :
1028 1167 1176 1241 prorsus
1189 1145 1291 1240 quasi

230 1252 315 1326 ferri
348 1255 479 1329 auxilio
506 1282 584 1329 non
605 1255 833 1356 indigerent,
859 1255 1031 1352 quoniam
1061 1253 1295 1326 abundarent

230 1393 361 1439 auro.»

201 1511 214 1547 1
278 1485 321 1552 ΙΙ.
332 1487 408 1553 Hac
421 1482 595 1554 relatione
609 1477 719 1550 avidae
731 1481 847 1578 gentis
859 1479 969 1548 animi
978 1479 1061 1549 satis
1074 1475 1119 1547 ad
1131 1475 1290 1574 predam

201 1590 485 1664 similabantur.
508 1586 711 1664 Accedebat
733 1605 854 1661 tamen
878 1603 914 1659 et
937 1587 1141 1688 exemplum
1162 1585 1291 1683 Belgii,

228 1703 381 1797 quinon
400 1727 533 1799 magno
552 1717 636 1771 ante
651 1713 814 1798 tempore
828 1698 1071 1770 Macedonum
1091 1697 1290 1768 exercitum

198 1825 214 1878 3
228 1835 310 1881 curn
324 1837 407 1909 rege
426 1811 672 1884 trucidaverat.
687 1815 831 1910 Itaque,
842 1808 1161 1882 'consentientibus
1175 1810 1290 1878 omni-

226 1918 313 2011 bus,
327 1939 436 1995 nocte
451 1939 564 1996 castra
576 1928 669 2023 regis
681 1921 941 2021 adgrediuntur
955 1951 962 1994 :
978 1925 1040 2020 qui
1054 1921 1289 2020 praesentiens

226 2046 363 2103 tantam
383 2049 648 2135 tempestatem,
663 2037 807 2133 signum
826 2033 941 2134 pridie
958 2033 1124 2123 dederat,
1139 2047 1195 2121 ut,
1211 2056 1289 2103 om·

227 2142 336 2214 nibus
349 2144 458 2216 rebus
473 2145 616 2234 ablatis,
629 2148 668 2216 in
683 2150 846 2247 proxima
860 2146 959 2243 sylva
972 2147 1070 2221 taciti
1081 2171 1118 2216 se
1132 2145 1289 2216 occulta·

197 2271 317 2330 trent.
331 2259 457 2355 Neque
472 2258 572 2330 aliter
590 2273 725 2329 servata
746 2274 879 2343 castra,
895 2283 1004 2358 quam
1024 2255 1125 2355 quod
1148 2254 1289 2327 deserta

227 2383 313 2438 sunt
333 2397 341 2438 :
364 2369 541 2468 siquidem
564 2369 676 2461 Galli,
693 2369 758 2441 ubi
779 2371 902 2441 omnia
923 2371 1100 2458 vacantia,
1119 2391 1189 2439 nec
1210 2369 1287 2439 sine

226 2477 479 2554 defensoribus
495 2483 622 2571 modo,
640 2483 886 2554 verumetiam
908 2482 985 2552 sine
1004 2478 1215 2552 custodibus
1235 2481 1288 2549 vi-

225 2585 329 2676 dent,
343 2615 419 2662 non
435 2590 555 2690 fugam
569 2593 746 2680 hostium,
760 2593 822 2665 sed
838 2592 963 2664 dolum
976 2591 1207 2679 arbitrantes,
1222 2591 1287 2662 diu

195 2701 359 2772 tintrare
381 2719 501 2802 portas
526 2708 735 2777 timuerunt.
759 2705 812 2804 ild
835 2720 1058 2804 postremum
1078 2704 1226 2802 integris
1247 2718 1285 2774 et

224 2811 366 2884 intactis
391 2815 648 2905 munimentis,
676 2829 877 2886 scrutantes
904 2817 1040 2914 potius,
1063 2838 1170 2912 quam
1197 2811 1283 2884 diri-

195 2945 211 2995 6
225 2923 379 3020 pientes,
393 2942 507 2998 castra
524 2942 804 3026 occupaverunt.
817 2931 919 3000 Tunc
935 2927 1078 3015 ablatis,
1092 2951 1171 3025 quae
1185 2927 1284 2998 inve-

194 3050 370 3124 ynerant,
385 3037 428 3108 ad
448 3036 532 3110 litus
553 3054 829 3110 convertuntur.
844 3037 902 3110 Ibi
922 3040 1009 3110 dum
1028 3064 1138 3110 naves
1159 3039 1284 3111 incau-

222 3149 293 3217 tius
309 3149 500 3248 diripiunt,
514 3176 534 3221 a
552 3151 747 3250 remigibus
761 3167 798 3223 et
813 3150 859 3222 ab
874 3152 1052 3222 exercitus
1067 3165 1189 3248 parte,
1203 3175 1283 3247 quae

222 3285 266 3330 eo
291 3283 373 3330 cum
395 3262 611 3360 conjugibus
629 3277 666 3334 et
684 3263 808 3334 liberis
829 3260 1084 3359 confugerant,
1102 3260 1195 3331 nihil
1213 3261 1283 3331 tale

221 3385 423 3444 metuentes
437 3373 664 3446 trucidantur
674 3401 681 3443 ε
693 3388 865 3472 tantaque
877 3371 990 3444 caedes
1000 3368 1188 3442 Gallorum
1199 3369 1283 3457 suit,

222 3497 263 3552 ut
273 3485 457 3580 Antigono
469 3509 595 3582 pacem
606 3485 731 3584 opinio
744 3484 853 3579 hujus
862 3485 1036 3568 victoriae,
1048 3508 1126 3553 non
1140 3509 1161 3552 a
1173 3482 1284 3554 Gallis

220 3607 382 3682 tantum,
397 3619 521 3666 verum
542 3599 648 3666 etiam
670 3621 690 3666 a
710 3594 950 3666 finitimorum
972 3593 1131 3682 feritate,
1149 3595 1283 3692 praesti·

253 3752 294 3806 11.
311 3775 335 3808 n.
352 3758 492 3831 Exemplum
510 3759 596 3829 Belgii.
620 3757 729 3830 Respice
770 3757 941 3812 etcumMed.
949 3760 1038 3829 legere
1045 3769 1122 3830 potes
1130 3757 1282 3828 confugerat,

220 3829 325 3897 xxiv,
337 3837 365 3899 5,
379 3839 403 3889 6.
771 3851 889 3890 anteum
907 3837 1012 3892 Granio
1030 3837 1162 3908 corrigere
1183 3839 1232 3908 qui.
1248 3866 1283 3878 -

202 3907 213 3932 ¹*
256 3929 280 3979 7.
300 3911 339 3962 Ibi
358 3914 414 3966 dum
436 3935 506 3968 nares
528 3918 645 3966 incautius
668 3915 730 3965 diri-
773 3921 859 3987 Opinio
870 3917 1065 3985 frujusnictorr‘ee.
1077 3915 1240 3982 Epiatimatio
1249 3933 1283 3968 ex

164 4021 166 4030 ι
214 3993 298 4061 piant,
315 4003 364 4042 etc.
377 3993 564 4046 Confer-Diod.
577 3993 674 4057 XXII,
690 4011 730 4061 ¹9·
771 3995 880 4047 victoria
901 4008 974 4066 parta
993 4016 1000 4048 z
1019 3994 1103 4047 Tacit.
1125 3994 1216 4048 Germ.
1240 3994 1283 4045 13.

220 4098 255 4107 -
272 4071 358 4135 Qun...
382 4070 548 4140 confugerant.
571 4073 603 4123 In
621 4073 730 4142 plurali,
772 4077 886 4124 Germani
907 4078 959 4146 insa
976 4076 1114 4146 plerunque
1128 4074 1201 4138 fama
1220 4072 1284 4123 bella

220 4165 303 4218 quum
316 4145 383 4200 illud
396 4149 429 4200 sit
442 4150 559 4214 collect,
572 4168 731 4222 quamquam
766 4152 909 4222 praefigant.
920 4171 967 4206 nn.
979 4183 1013 4194 -
1022 4155 1100 4205 Anno
1110 4152 1190 4204 Urbis
1204 4153 1264 4221 47⁶·
