2967 4684
239 356 310 449 494
667 345 881 414 tusrmt

211 473 439 571 9longinqua
452 468 546 540 bella
560 468 687 540 vicisse
697 493 707 554 3
719 481 891 565 practerea
908 489 1020 562 quum
1038 465 1207 564 gravibus
1219 473 1304 568 Scy-

238 583 362 671 thicis,
379 597 416 653 et
430 577 644 651 vicinalibus
661 575 766 648 bellis
781 575 928 648 adsidue
942 578 1074 666 vexati,
1087 579 1194 649 variis
1209 580 1304 677 peri-

133 696 135 701 '
195 724 228 759 10
241 694 407 766 culorum
422 687 681 764 certaminibus
694 701 921 786 urgerentur.
935 688 981 758 Hi
993 687 1199 759 domesticis
1211 689 1304 760 sedi·

239 802 403 876 tionibus
423 800 570 899 Scythia
591 798 706 899 pulsi,
722 796 936 870 solitudines
952 800 1048 870 inter
1065 801 1304 896 Hyrcaniam,

240 930 277 987 et
290 914 429 1004 Dahas,
442 930 479 986 et
492 917 624 1000 Areos,
637 925 674 981 et
689 914 901 1008 Spartanos,
911 924 948 980 et
959 910 1163 1006 Margianos
1178 908 1306 982 furtim

196 1050 227 1087 11
241 1049 474 1124 occupavere.
485 1025 591 1094 Fines
605 1019 753 1102 deiude,
767 1045 845 1090 non
859 1018 1172 1092 intercedentibus
1186 1022 1305 1118 primo

241 1136 420 1227 finitimis,
432 1150 559 1234 postea
575 1135 683 1206 etiam
699 1129 997 1231 prohibentibus,
1011 1131 1050 1201 in
1064 1143 1206 1201 tantiam
1220 1155 1308 1230 pro·

240 1247 372 1335 tulere,
381 1263 424 1320 ut
437 1271 516 1318 nou
529 1247 704 1316 immensa
716 1257 859 1314 tautum
870 1244 945 1339 jam
958 1267 1000 1313 ac
1013 1240 1195 1340 profunda
1209 1265 1308 1312 oam-

241 1383 373 1458 porum
384 1413 394 1446 ,
405 1380 532 1428 verum
548 1359 656 1427 etiam
671 1370 853 1453 praerupta
872 1353 1035 1441 collium,
1051 1353 1306 1451 montiumque

198 1495 229 1567 ¹.²
242 1469 355 1541 ardua
375 1468 641 1565 occupaverint.
658 1471 712 1536 Ex
729 1491 803 1563 quo
820 1463 878 1554 fit,
897 1479 939 1536 ut
960 1463 1111 1535 Parthiae
1132 1463 1307 1562 pleraque

242 1579 391 1673 finium,
408 1593 471 1650 aut
488 1591 613 1664 aestus,
630 1591 693 1647 aut
709 1574 853 1674 frigoris
870 1575 1083 1674 magnitudo
1102 1574 1282 1673 possideat
1299 1601 1308 1644 ι

143 1691 153 1714 “
244 1691 380 1787 quippe
395 1711 508 1785 quum
521 1687 665 1758 montes
680 1687 760 1774 uix,
776 1701 812 1758 et
826 1710 973 1784 campos
991 1701 1096 1758 aesms
1110 1684 1265 1758 infestet.

216 1825 229 1862 1
291 1803 335 1869 ΙΙ.
354 1798 625 1869 Administratio
643 1799 760 1894 gentis
778 1811 862 1895 post
880 1794 1122 1910 delectionem
1141 1797 1309 1868 Maccdo-

244 1909 318 1978 nici
332 1909 473 2006 imperii
494 1907 562 1979 sub
585 1905 826 2005 regibus¹suit
850 1910 1040 1980 Proximus
1057 1909 1231 2005 majestati
1246 1933 1311 1979 re-

215 2043 328 2116 ngum
349 2018 571 2118 populorum
589 2016 682 2090 ordo
699 2033 776 2090 est:
793 2043 837 2090 ex
851 2017 923 2091 hoc
942 2019 1052 2092 duces
1067 2021 1107 2090 in
1128 2018 1245 2104 bello,
1264 2043 1310 2090 ex

215 2129 317 2201 ahoc
339 2144 500 2201 rectores
521 2129 561 2199 in
591 2153 680 2228 pace
704 2100 1002 2208 habentssermo
1030 2129 1087 2203 his
1106 2133 1202 2203 inter
1224 2137 1311 2228 Scy-

243 2239 385 2311 thicum
405 2238 662 2338 Medicumque
679 2240 841 2331 medius,
862 2256 901 2313 et
921 2266 964 2313 ex
985 2245 1150 2342 utrisque
1167 2246 1311 2314 mixtus

216 2355 358 2426 tVestis
371 2352 458 2422 olim
475 2353 531 2424 sui
545 2355 659 2424 moris
674 2367 933 2451 :posteaquam
952 2378 1135 2426 accessere
1150 2379 1256 2458 opes,
1269 2367 1313 2424 ut

244 2464 360 2535 Medis
382 2461 568 2562 perlucida
588 2489 631 2535 ac
651 2461 774 2534 ssuida.
793 2469 985 2536 Armorum
1008 2468 1145 2562 patrius
1163 2489 1206 2536 ac
1225 2468 1313 2560 Scy-

217 2572 366 2646 tthicus
380 2599 471 2646 mos.
486 2577 694 2652 Exercitum
712 2601 791 2646 non
807 2591 850 2647 ut
863 2575 938 2646 aliae
952 2591 1077 2673 gentes
1094 2575 1311 2666 liberorum,

244 2683 310 2756 sed
323 2687 498 2780 majorem
516 2700 656 2783 partem
673 2709 859 2758 servorum
875 2685 1036 2758 habent:
1053 2713 1210 2786 quorum
1225 2687 1311 2758 vul-

244 2875 327 2932 dorus
346 2879 395 2950 qui
413 2876 485 2951 apud
504 2880 591 2934 stnb.
612 2879 676 2945 XV,
694 2897 757 2952 pag.
798 2868 1311 2952 Hancvooeml’ricaeuscominpomcta.

245 2957 315 3010 686:
329 2961 486 3029 Edrpmt'dee
499 2960 573 3031 (cap.
587 2962 617 3025 6,
632 2962 662 3030 1)
675 2961 758 3020 πόλιις
837 2979 877 3012 ta.
889 2958 1312 3033 Parthioepleraqucfinittm.1mnge

244 3035 342 3099 χιλίους
354 3034 394 3103 ta·
406 3036 491 3108 laute}
500 3031 562 3105 εἶχε.
756 3068 761 3082 ι
801 3037 1001 3109 majorParthin
1007 3057 1067 3110 pars
1073 3049 1312 3109 urgeturautoestu,

280 3115 761 3188 9.angrmtus5071ttcts,eecict-
801 3129 846 3168 aut
867 3115 984 3186 frigore,
1006 3135 1088 3186 quum
1110 3129 1213 3170 montes
1231 3118 1311 3184 nive,

245 3189 341 3241 nalibm
363 3190 459 3246 bellis...
476 3195 569 3257 uexati.
589 3193 666 3247 MSS.
688 3214 759 3267 quma
800 3195 887 3267 campi
899 3207 962 3247 astu
974 3195 1138 3248 infestentur.

243 3267 357 3338 gnidus
373 3270 480 3342 Scythis,
493 3283 543 3324 etc.
558 3271 665 3325 Scilicet
677 3291 760 3344 quum
834 3273 875 3325 11.
889 3294 910 3326 1.
922 3273 1152 3339 Postdeseotionen.
1164 3273 1255 3338 Quum
1266 3272 1313 3327 de·

245 3359 427 3401 vexarentura
438 3348 558 3421 Scythis,
568 3349 614 3422 qui
624 3350 657 3403 iis
666 3369 760 3422 graves
800 3351 947 3406 faciamte
960 3352 1133 3406 Macedonico
1146 3352 1267 3422 imperio.
1276 3383 1312 3394 -·

245 3437 336 3493 eraut,
350 3438 379 3479 et
390 3426 547 3480 vicinalibus
558 3428 642 3480 bellis.
656 3447 702 3482 ru.
800 3433 878 3483 Anno
891 3429 972 3482 Urbis
984 3430 1045 3498 698.

287 3524 328 3558 ro.
355 3511 495 3578 ψακωοε.
520 3505 678 3577 legendum
697 3527 760 3562 cnm
837 3528 861 3562 a.
876 3508 1027 3579 Populum.
1044 3509 1164 3562 Gronov.
1177 3527 1242 3562 arus
1255 3527 1313 3563 cor·

145 3611 149 3618 ·
246 3582 305 3638 MS.
319 3585 390 3638 Flor.
404 3584 593 3656 spmmcoll.
606 3585 692 3639 Strab.
702 3585 759 3652 xl,
800 3587 864 3659 rigit
876 3590 1028 3658 optbnotum
1046 3587 1106 3640 coll.
1121 3586 1218 3652 XLII,
1232 3589 1263 3652 ⁵,
1280 3607 1312 3654 a,

245 3661 760 3733 mtotzrmdmdsnomm-
801 3667 969 3734 et1‚9‚18.

244 3743 279 3790 ris
296 3744 393 3812 Capti,
411 3761 476 3796 meac
491 3743 569 3795 outa
583 3743 656 3808 dicti,
673 3747 761 3815 sperni
835 3751 862 3809 4.
876 3745 1199 3812 Peduada.Serica,testc
1212 3746 1313 3798 Proco-

246 3822 416 3886 cognominati.
799 3824 990 3896 pin-Fluida.
998 3826 1112 3890 Queat
1120 3826 1213 3878 Tacito
1221 3824 1312 3878 Germ.

285 3915 324 3949 ιι.
346 3905 494 3954 Imm...
511 3920 654 3979 mrum.
673 3901 758 3955 Cicer.
804 3921 845 3973 17,
851 3903 969 3974 fluitans,
983 3917 1009 3956 et
1022 3905 1129 3956 Lucano
1143 3903 1231 3968 vnt,
1248 3909 1314 3976 ²67,

246 3973 306 4026 Nat.
324 3975 405 4029 Deor.
418 3978 464 4045 11,
480 3979 527 4048 39,
547 3998 576 4045 a,
594 3984 760 4035 dammim
800 3983 865 4034 lm
877 3993 956 4034 vates
969 3982 1074 4053 etstuxa
1085 3983 1231 4036 velamento.

246 4055 455 4121 ‘wmtcoll
463 4075 522 4128 cap.
530 4059 733 4126 canutum.
740 4061 759 4114 l.
839 4063 863 4114 5.
877 4067 1006 4116 Servorum.
1021 4062 1097 4127 ald„
1114 4063 1187 4114 lunt.
1205 4073 1232 4120 et
1244 4077 1317 4113 unua

245 4135 760 4205 mamensacanpom.-1³rofunda.
802 4139 858 4195 MS.
870 4141 998 4212 probante
1007 4142 1041 4194 Is.
1052 4141 1149 4196 Vossio
1161 4153 1188 4193 et
1197 4139 1316 4209 Gravia,
