2967 4684
267 393 291 438 x
680 361 913 436 LECTORI

269 531 381 596 vernt
394 507 557 593 Wetnel
578 510 806 626 inproprie
819 507 1019 616 editione,
1034 511 1188 626 integra
1200 516 1327 599 intuo·

266 671 385 762 taque
407 649 620 734 retulimus
652 681 661 733 z
690 651 732 732 in
765 647 913 760 quibus
943 669 1105 754 auctor,
1135 672 1181 735 ut
1205 677 1327 767 supin

267 789 353 902 ipso
371 787 495 892 dixit,
513 817 638 898 quam
657 786 920 870 brevissimus
940 815 1024 870 esse
1042 787 1253 872 laboravit.
1269 789 1325 872 At

265 927 480 1010 communi
509 926 700 1010 humanae
717 923 978 1010 infirmitatis
1008 926 1127 1040 lege,
1154 929 1326 1040 saepius,

262 1083 309 1148 ut
347 1061 542 1149 Horatius
581 1066 746 1178 inquit,
781 1065 825 1146 in
863 1065 1015 1148 vitium
1047 1066 1162 1151 ducit
1190 1067 1327 1178 σαίρω

250 1205 363 1318 suga
384 1235 396 1286 .·
417 1207 473 1288 ite
497 1224 562 1306 ut,
588 1201 692 1286 dum
723 1204 918 1288 continuo
946 1201 1111 1286 Wetzel
1139 1201 1326 1287 brevitati

262 1345 421 1447 studet,
441 1345 612 1429 obscura
643 1339 878 1447 interdum,
906 1360 976 1425 aut
1005 1370 1153 1424 manca
1176 1339 1326 1425 decur-

260 1499 392 1564 tutave
414 1481 709 1564 commentaria
732 1477 848 1585 fieri,
873 1477 1154 1595 confitendum
1176 1483 1240 1563 sit.
1264 1478 1326 1562 Ut

262 1620 404 1729 igitur,
430 1619 699 1730 quantumin
731 1615 850 1702 nobis
877 1618 979 1722 fuit,
1004 1649 1079 1703 nos
1098 1618 1324 1715 obscuriori

213 1821 217 1832 ,
261 1774 301 1838 et
321 1775 490 1858 maneo,
513 1756 732 1840 sessoveet
755 1753 997 1839 dormitanti
1015 1757 1324 1871 suppleremus,

254 1894 418 1979 'selectis
436 1896 646 1978 variorum
665 1896 993 1999 commentariis,
1017 1896 1051 1978 si
1076 1925 1177 2006 quas
1195 1896 1325 1978 omis·

260 2061 322 2116 sns
344 2061 469 2118 novas
492 2034 686 2118 lectiones
704 2036 912 2118 sententiat
931 2036 993 2118 vis
1016 2052 1087 2117 aut
1110 2035 1326 2146 antiquitas

259 2169 353 2254 libri
375 2169 706 2278 commendaret,
736 2175 845 2258 notis
876 2173 1226 2257 intermiscuimus
1254 2203 1263 2256 τ
1291 2172 1326 2255 si

259 2309 467 2396 abstrusus
491 2313 785 2428 perplexusque
812 2343 953 2424 sensus
974 2310 1237 2428 explicandus
1254 2336 1326 2394 su»

259 2472 457 2564 peresset,
474 2435 724 2566 interpretati
737 2481 880 2539 sumus
890 2487 901 2537 t
912 2455 947 2538 si
962 2450 1126 2565 quando
1140 2468 1326 2564 acceptus

257 2585 518 2669 Wetzeliano
543 2585 688 2670 Codici
719 2618 860 2673 sensus
890 2591 1010 2672 nohis
1035 2620 1119 2672 non
1144 2590 1326 2700 optimus

257 2717 490 2827 rideretur,
525 2723 652 2806 libere
687 2721 953 2808 dissensimus
986 2755 998 2806 ε
1032 2720 1068 2808 si
1104 2725 1326 2810 trecenario

257 2859 449 2973 quadam
467 2883 564 2946 uota
587 2862 782 2946 omuibus
810 2863 855 2944 in
881 2861 1189 2946 commentariis
1215 2859 1325 2945 dasi-

257 2998 486 3106 deraretur,
513 3003 746 3087 invenimus
777 3034 788 3084 z
816 3003 853 3084 si
882 3023 977 3112 quae
995 3029 1044 3083 ex
1072 2999 1162 3083 aliis
1181 2993 1326 3114 priscis

258 3139 523 3252 scriptoribus
547 3137 749 3224 laudanda
771 3140 890 3223 uobis
918 3139 1070 3226 similia
1094 3139 1185 3224 loca
1210 3137 1326 3225 vide-

257 3297 419 3381 rentur,
444 3276 720 3388 laudavimus,
740 3285 816 3364 nec
835 3262 1184 3362 non'retulirnus:
1206 3287 1326 3386 atque

258 3411 452 3521 demum,
479 3441 555 3520 ne,
583 3413 749 3500 decimo
774 3447 885 3501 nono
914 3417 1083 3523 suenio,
1108 3446 1157 3502 ox
1180 3418 1325 3530 pris'eae

258 3571 418 3636 tantum
448 3553 686 3639 eruditionis
720 3555 915 3670 adparent
944 3585 1049 3642 nova
1080 3555 1169 3639 haec
1199 3551 1325 3638 editio

257 3687 382 3800 decus
416 3697 617 3801 traheret,
653 3692 837 3780 Gallicos
872 3693 1086 3779 interdum·
1113 3713 1324 3795 auctores,
1467 3730 1468 3733 ¹

259 3828 371 3941 quod
396 3830 449 3914 ad
477 3863 613 3920 mores
645 3835 941 3948 historiamque
961 3836 1209 3949 pertineret,
1229 3862 1326 3917 con·

258 3969 454 4079 tulimus,
469 3973 889 4089 locupletissimosque
903 4003 1069 4089 prorsus
1085 3993 1206 4057 testes
1219 3972 1327 4055 exci-

261 4109 467 4216 tavimus,
514 4113 703 4226 inprimis
751 4112 953 4220 Bottiaei,
1003 4112 1300 4228 Montesquieu
1312 4171 1324 4216 ,
