2967 4684
244 353 314 444 274
670 343 882 415 JUSTINI

243 476 432 543 Craterum
454 485 491 542 et
513 468 742 566 Antipatrum
763 465 921 563 opperiri
938 464 1107 560 jubetur;
1125 464 1307 562 adjutores

244 584 276 651 ei
295 582 429 652 dantur
445 604 529 651 cum
545 576 762 651 exercitibus
780 573 891 649 frater
905 576 1082 649 Perdiccas
1102 576 1258 663 Alcetas,
1272 592 1309 650 et

199 702 230 752 ¹6
244 692 525 791 Neoptolemus:
539 690 635 762 Clito
652 712 741 761 cura
760 687 880 759 classis
897 687 1071 760 traditur:
1087 688 1210 760 Cilicia
1226 688 1309 760 Phi·

244 804 324 874 lotae
346 802 487 874 ademta
506 800 706 873 Philoxeno
729 799 858 870 datur:
877 799 954 895 ipse
974 799 1161 885 Perdiccas
1180 803 1309 897 AEgyp-

200 928 322 987 ¹7tum
348 937 433 983 cum
460 912 599 1009 ingenti
626 911 787 983 exercitu
809 908 907 1007 petit.
935 910 992 980 Sic
1018 909 1249 997 Macedonia,
1269 911 1308 979 in

244 1022 333 1094 duas
360 1037 479 1122 partes
507 1020 796 1093 discurrentibus
823 1018 999 1109 ducibus,
1024 1022 1061 1091 in
1089 1046 1153 1093 sua
1174 1022 1309 1093 viscera

244 1149 424 1223 armatur,
449 1132 661 1230 ferrumque
681 1130 728 1203 ah
749 1130 871 1203 hostili
892 1130 989 1203 bello
1008 1134 1047 1203 in
1070 1132 1208 1205 civilem
1228 1158 1309 1205 san-

243 1246 390 1341 guinem
401 1246 525 1331 vertit,
537 1242 705 1340 exemplo
719 1240 939 1330 furentium,
951 1267 1081 1314 manus
1093 1266 1135 1315 ac
1148 1241 1310 1329 membra

199 1361 231 1413 ¹8
244 1381 307 1426 sua
339 1358 415 1454 ipsa
444 1380 589 1427 caesura.
612 1352 683 1425 Sed
704 1352 916 1423 Ptolemaeus
941 1354 980 1421 in
1007 1356 1159 1450 AEgypto
1186 1352 1330 1423 solerti.

198 1491 231 1541 ¹9
242 1464 420 1537 industria
442 1472 590 1560 magnas
614 1474 704 1558 'opes
725 1462 875 1557 parabat
892 1490 899 1532 :
919 1463 1054 1560 quippe
1073 1478 1109 1533 et
1130 1466 1310 1561 AEgyptios

244 1578 376 1672 insigni
399 1573 650 1645 moderatione
671 1570 708 1639 in
733 1568 894 1641 favorem
918 1572 974 1641 sui
996 1572 1259 1644 solicitaverat:
1276 1588 1311 1645 et

243 1710 345 1781 reges
371 1683 547 1753 finitimos
576 1679 766 1753 beneficiis
792 1678 1049 1779 obsequiisque
1075 1682 1309 1756 devinxerat:

199 1817 233 1854 ²0
246 1797 420 1865 terminos
435 1816 582 1890 quoque
596 1791 755 1890 imperii,
771 1791 948 1888 adquisita
963 1796 1105 1888 Cyrene
1119 1793 1227 1882 urbe,
1241 1820 1312 1865 am·

245 1906 434 2005 pliaverat3
447 1902 635 2000 factusque
645 1902 719 1999 jam
735 1917 857 1973 tantus
872 1918 966 1991 erat,
978 1918 1020 1975 ut
1033 1930 1110 1976 non
1125 1920 1199 1977 tam
1213 1908 1312 1977 time-

244 2030 319 2103 ret,
333 2040 441 2113 quam
460 2012 644 2085 timendus
662 2015 738 2111 ipse
756 2011 923 2085 hostibus
941 2028 1042 2085 esset.

218 2146 230 2181 ¹
293 2131 367 2198 VII.
393 2133 536 2223 Cyrene
566 2140 687 2197 autem
717 2122 868 2195 condita
892 2122 961 2195 luit
986 2122 1032 2195 ab
1060 2124 1228 2212 Aristaeo,
1253 2126 1311 2197 cui

217 2261 383 2329 anomen
396 2242 499 2309 Batto
516 2250 666 2337 propter
682 2235 813 2333 linguae
831 2234 1090 2333 obligationem
1106 2234 1184 2307 luit.
1198 2236 1312 2333 Hujus

244 2362 347 2445 pater
369 2350 525 2434 Grinus,
538 2372 604 2417 rer
617 2344 742 2417 Therae
757 2345 901 2433 insulas,
920 2370 1034 2443 quum
1057 2345 1101 2419 ad
1123 2346 1312 2419 oraculum

245 2458 427 2556 Delphos,
443 2471 594 2556 propter
611 2456 776 2535 dedecus¹
790 2456 1029 2527 adolescentis
1056 2454 1120 2526 filii
1146 2456 1313 2527 noudum

247 2567 449 2664 loquentis,
472 2572 590 2638 Deum
619 2567 877 2665 deprecaturus
899 2568 1074 2656 venisset,
1095 2590 1313 2666 responsum

248 2681 409 2775 accepit,
434 2702 509 2775 quo
531 2676 728 2773 jubebatur
753 2674 848 2748 filius
876 2677 951 2772 ejus
976 2681 1097 2748 Battus
1121 2674 1313 2747 «Africam

250 2804 390 2886 petere,
406 2805 442 2861 et
459 2789 589 2861 urbem
604 2795 777 2885 Cyrenen
797 2785 974 2875 condere,
990 2812 1096 2859 usum
1114 2787 1242 2884 linguae
1261 2786 1314 2858 ihi

220 2906 473 2997 taccepturus.
486 2930 504 2965 s
523 2902 645 2990 Quum
668 2924 883 2999 responsum
907 2897 1064 2969 ludibrio
1085 2898 1199 2971 simile
1216 2896 1314 2969 vide-

253 3110 317 3177 14);
330 3108 390 3160 coll.
402 3127 460 3180 cap.
469 3116 484 3172 4
491 3148 499 3174 ,
511 3109 601 3163 15-16.
613 3112 654 3163 De
664 3130 694 3164 re
706 3111 764 3184 ipss
804 3132 853 3166 ceu
861 3114 894 3166 sb
903 3114 956 3168 hoc
965 3115 992 3169 in
1003 3115 1131 3169 ditionem
1142 3134 1215 3169 susm
1226 3114 1316 3169 redeo·

251 3186 321 3239 conl.
338 3186 444 3239 Cornel.
460 3186 577 3255 XVIII,
590 3189 622 3257 ³,
636 3202 663 3243 et
680 3189 762 3243 Diod.
804 3204 856 3244 tam
868 3194 957 3245 refert.
969 3223 1004 3233 —
1017 3196 1094 3247 Anno
1108 3195 1188 3247 Urbis
1204 3194 1262 3259 431.

250 3264 367 3329 XVIII,
383 3266 472 3333 29-32.
838 3272 901 3323 vlt.
916 3290 939 3324 1.
951 3275 1060 3324 Arisroeo.
1072 3274 1114 3325 De
1124 3273 1233 3325 Aristeu
1244 3270 1315 3324 cous.

288 3346 328 3396 16.
350 3342 433 3393 Cr'lt'ce'a
453 3343 563 3396 Philota.
583 3345 649 3417 Cap.
669 3351 702 3409 d,
721 3366 762 3401 ss.
803 3348 861 3401 loca
873 3349 906 3401 sb
918 3350 1024 3421 Heynio
1034 3348 1068 3402 sd
1080 3350 1158 3422 Virg.
1171 3350 1270 3421 Georg.
1284 3348 1315 3413 1,

251 3421 326 3475 Stant
337 3419 419 3493 igitur
428 3440 442 3472 a
451 3422 572 3474 Perdicca
582 3424 700 3495 portibus
709 3425 764 3477 Eu·
807 3435 847 3491 14,
856 3427 977 3493 excitata,
987 3428 1014 3479 iu
1022 3428 1063 3481 his
1073 3426 1154 3481 Diod.
1165 3428 1216 3491 IV,
1228 3428 1317 3492 81-82,

250 3518 353 3562 menes,
364 3500 478 3565 Alcetas,
490 3501 694 3572 Neoptolemus,
707 3503 763 3557 Cli-
805 3505 850 3557 ubi
863 3506 941 3559 simul
954 3518 1013 3558 utus
1023 3506 1104 3579 hujus
1115 3505 1220 3559 definiri
1230 3518 1318 3578 potest

251 3590 311 3643 tus,
331 3578 509 3643 Philoxenus,
528 3583 651 3653 drapani
671 3595 765 3635 contra
804 3600 837 3634 ex
855 3600 904 3648 eo,
923 3582 997 3654 quod
1017 3602 1050 3637 ex
1070 3586 1206 3647 Autonoe,
1224 3581 1318 3637 Cadmi

250 3669 337 3725 partes
370 3658 564 3729 amplectuntur
595 3658 764 3732 Antigonus,
803 3662 872 3725 iilis,
885 3666 1035 3716 Actaeouem
1049 3665 1170 3733 genuisse
1184 3662 1290 3716 dieitur.

251 3734 389 3798 Craterus,
404 3736 569 3789 ptolemeus.
840 3760 865 3793 s.
883 3745 980 3793 Grinus.
995 3744 1040 3795 Sic
1055 3756 1082 3795 et
1098 3742 1170 3813 apud
1187 3738 1317 3795 llemdot.

287 3830 330 3864 ao.
348 3812 476 3885 Adqm'sita
498 3819 598 3889 Cyrene.
618 3816 660 3868 De
677 3816 764 3882 hello,
805 3820 855 3885 lv,
866 3821 915 3873 150
924 3822 1055 3887 scribitur,
1065 3818 1255 3875 uhiuuctorde
1265 3819 1319 3871 hoc

177 3964 182 3971 Ι
251 3906 306 3960 qno
318 3890 439 3962 Cyrenen
453 3892 608 3946 Ptolemeus
620 3892 764 3965 adquisivit
804 3898 896 3964 Batto,
914 3918 972 3971 cap.
996 3902 1122 3968 15o·159
1145 3898 1271 3971 exponit,
1292 3909 1320 3950 et

251 3984 294 4019 sn.
316 3968 382 4033 431,
401 3970 523 4037 exposuit
541 3970 623 4023 Diod.
642 3970 763 4039 XVIII,
805 3993 879 4029 susm
898 3976 932 4029 de
951 3981 1018 4029 Batti
1034 3978 1143 4031 nomine
1163 3974 1319 4030 senteutiam

254 4045 620 4121 19-212q111idemcap.43‚
635 4053 764 4105 suuoiu·
805 4055 950 4127 proponit,
972 4076 1029 4129 cap.
1056 4057 1124 4121 155,
1147 4057 1192 4109 uhi
1219 4054 1320 4109 dieitur

250 4143 305 4198 teq-
320 4126 384 4193 43²,
395 4126 611 4201 Syrismquoque
620 4143 646 4184 et
659 4131 765 4186 Phoeni·
807 4132 885 4187 luisse
904 4130 1053 4203 ἰσχόφωνος
1071 4138 1115 4187 usi
1132 4130 1246 4204 operuit.
1267 4132 1318 4185 Alii
