2967 4684
411 370 791 440 HISTORIARUM
816 372 976 440 LIBER
999 372 1085 440 VII.
1214 370 1280 466 189
1368 386 1371 394 '

219 487 363 578 obside,
375 489 537 561 redemit.
554 492 750 588 interjecto
764 517 912 590 quoque
928 507 1091 591 tempore
1108 516 1174 591 per
1189 516 1308 563 eun-2

205 598 302 669 -dem
313 597 479 671 obsidem
492 625 574 672 cum
586 601 768 674 Thebanis
782 605 932 701 gratiam
944 605 1043 703 pacis
1053 604 1279 675 reconciliat:

219 736 298 807 quae
313 736 372 783 res
387 711 554 811 Philippo
572 715 728 785 maxima
743 715 969 786 incrementa
986 716 1133 813 egregiae
1148 713 1279 785 indolis

218 820 335 912 dedit3
353 823 530 921 siquidem
542 824 675 897 Thebis
691 826 852 895 triennio
867 824 973 896 obses
987 823 1150 912 habitus,
1165 826 1308 923 primas

218 934 378 1030 pueritiae
393 933 598 1005 rudimenta
615 936 653 1003 in
670 933 764 1006 urbe
781 936 978 1007 severitatis
997 937 1170 1032 antiquae,
1187 936 1278 1006 etin

218 1042 328 1117 domo
346 1042 624 1142 Epaminonda,
638 1046 770 1114 summi
788 1060 825 1115 et
841 1044 1051 1142 philosophi
1073 1061 1108 1116 et
1126 1048 1279 1144 impera·

217 1155 324 1243 toris,
350 1152 525 1252 deposuit.
554 1158 628 1225 Nec
656 1152 773 1225 multo
801 1168 885 1252 post
912 1153 1113 1227 Alexander
1141 1156 1307 1231 insidiist

214 1261 410 1358 Eurydices
437 1266 561 1335 matris
581 1262 765 1362 adpetitus
788 1264 1002 1336 occumbit:
1023 1268 1082 1336 cui
1107 1271 1308 1362 Amyntast

216 1374 254 1443 in
282 1374 417 1447 scelere
443 1374 694 1474 deprehensae,
716 1391 875 1475 propter·
890 1400 1104 1478 communes
1129 1376 1279 1467 liberos,

215 1486 362 1582 ignarus
375 1488 501 1559 iisdem
515 1486 737 1586 quandoque
751 1488 938 1558 exitiosam
949 1485 1046 1573 fore,
1058 1504 1278 1586 pepercerat.

215 1598 337 1668 Frater
354 1610 502 1697 quoque
518 1600 594 1694 ejus
612 1597 799 1670 Perdiccas
821 1599 899 1697 pari
920 1596 1132 1671 insidiarum
1154 1596 1308 1671 fraudet

216 1703 402 1803 decipitur.
420 1708 616 1805 Indignum
637 1732 803 1807 prorsus,
819 1708 980 1779 lihidinis
1002 1733 1125 1780 caussa
1146 1708 1307 1789 liber0s7

215 1831 363 1889 amatre
379 1820 451 1890 vita
464 1821 640 1918 privatos,
658 1845 768 1918 quam
783 1820 959 1893 scelerum
978 1845 1127 1892 suorum
1143 1823 1281 1922 suppli-

216 1930 279 1999 ciis
308 1927 506 2002 liberorum
535 1932 795 2030 contemplatio
821 1930 1073 2003 vindicaverat.
1101 1933 1308 2005 Perdiccas

215 2037 286 2111 hoc
303 2041 488 2139 indignior
506 2043 620 2114 caedes
636 2042 843 2130 videbatur,
856 2042 956 2140 quod
971 2044 1004 2112 ei
1018 2042 1114 2139 apud
1127 2057 1279 2114 matrem

214 2153 502 2225 misericordiam·
524 2180 593 2226 nec
619 2153 789 2253 parvulus
814 2152 961 2251 quidem
987 2148 1082 2222 filius
1108 2152 1280 2224 concilia·

185 2260 189 2265 ’
215 2276 324 2332 verat.
339 2270 465 2362 ltaque
483 2264 671 2363 Philippus
692 2263 756 2335 diu
777 2288 856 2333 non
877 2286 1016 2358 regem,
1035 2261 1097 2333 sed
1120 2278 1307 2336 tutorems

216 2372 342 2471 pupilli
357 2379 434 2473 egit.
452 2382 495 2476 At
509 2376 573 2448 ubi
586 2378 750 2474 graviora
763 2369 857 2444 bella
872 2371 1129 2458 imminebant,
1142 2396 1279 2444 serum·

217 2508 288 2581 que
302 2486 469 2559 auxilium
479 2490 518 2558 in
529 2489 797 2587 exspectatione
808 2482 959 2555 infantis
969 2498 1060 2572 erat,
1071 2482 1278 2583 compulsus

214 2620 235 2665 a
253 2597 388 2697 populo
405 2624 560 2697 regnum
578 2600 745 2699 suscepit.

214 2828 328 2881 triennio
353 2829 391 2882 ibi
415 2830 483 2897 luit,
512 2828 559 2883 sed
585 2830 723 2883 decennio.
764 2828 882 2891 beret,et
890 2826 925 2879 ita
933 2823 1070 2879 libidinem
1079 2826 1205 2897 expleret,
1216 2845 1276 2898 reg·

215 2904 292 2959 Coos.
307 2924 386 2977 supra
397 2920 454 2961 not.
466 2907 500 2961 ad
509 2909 565 2973 Vl,
577 2928 606 2978 9,
621 2929 645 2980 7.
764 2924 831 2958 num
846 2905 910 2957 hnic
924 2903 1028 2958 undere
1042 2906 1162 2957 voluerat
1175 2924 1232 2977 cap.
1247 2914 1276 2969 4,

249 2984 274 3036 3.
296 2987 408 3036 Pueritioe
429 2986 572 3038 rudimenta.
595 2988 639 3041 sic
657 2986 725 3039 inira
765 3002 790 3054 7.
811 3014 845 3023 -
874 2989 980 3051 Quam...
1007 2982 1181 3035 abdicarent.
1208 2984 1275 3048 Cui,

173 3104 182 3112 .
215 3060 269 3126 lx,
286 3078 315 3128 r,
329 3064 345 3115 8
359 3079 365 3113 :
380 3076 407 3114 ut
421 3064 466 3115 sub
481 3066 565 3117 militia
575 3069 652 3137 patris
665 3068 723 3115 tiro-
765 3079 848 3131 quum
860 3062 955 3139 marito
972 3060 1024 3132 ipsi
1037 3060 1128 3114 fuisset
1141 3060 1276 3127 insidiata,

214 3140 272 3191 cisti
282 3140 416 3192 mdt'nsmta
428 3142 562 3214 deponmt.
576 3161 621 3195 an.
635 3174 669 3185 -
684 3144 724 3196 De
765 3139 810 3191 hie
822 3150 975 3210 pepercerat
987 3151 1128 3209 repnnns,
1142 3140 1277 3191 scelestam

213 3215 398 3289 Epaminonda
415 3220 516 3291 respice
527 3220 587 3286 VI,
603 3229 633 3285 4,
652 3228 685 3286 A,
698 3232 725 3274 et
764 3217 833 3270 hanc
853 3235 962 3269 uxorem
981 3234 1038 3268 esse
1059 3228 1145 3269 nmen
1168 3228 1281 3269 suorum*

213 3294 334 3367 inprimis
347 3314 406 3369 cap.
420 3299 446 3350 8.
764 3295 910 3356 liberorum
922 3306 1042 3347 matrem.

249 3380 273 3435 4.
291 3375 389 3426 Insidiis
408 3374 549 3447 Eurydices.
570 3375 676 3441 Ceteri,
695 3388 725 3429 ut
801 3375 826 3428 8.
839 3374 923 3426 Filius.
936 3371 1075 3425 Perdicca.
1092 3370 1179 3443 Hujus
1194 3372 1276 3442 igitur

213 3449 247 3503 ad
260 3453 284 3520 S.
304 3468 316 3503 1
338 3451 479 3517 adnotavi,
500 3472 514 3505 a
535 3452 614 3505 fratre
633 3454 724 3525 spurio
765 3452 943 3523 quinquennis
954 3451 1031 3521 pueri
1042 3450 1150 3501 nitelam
1162 3450 1276 3520 suscepit

214 3529 723 3596 oecisumreterunt‚usuiod.xvt‚2.
764 3528 1131 3599 Philippuspatruus,natus
1141 3545 1183 3578 an.
1198 3527 1239 3579 ²3.
1267 3595 1270 3599 ι

249 3608 274 3661 ⁵.
292 3612 336 3661 cni
347 3615 466 3683 Amyntas
479 3622 528 3663 etc.
541 3611 652 3683 Respice
665 3629 722 3682 cap.
802 3625 828 3674 9.
851 3608 967 3657 Graviora
991 3605 1062 3656 bella.
1090 3603 1163 3675 lllyri
1185 3603 1276 3670 enim,

215 3693 245 3751 4,
258 3705 284 3758 7·
296 3718 331 3728 -
343 3690 421 3741 Anno
431 3688 512 3742 Urbis
523 3688 584 3742 385.
765 3703 831 3737 casso
849 3702 929 3755 rege,
949 3696 976 3735 et
995 3684 1066 3736 omni
1085 3682 1140 3734 lere
1158 3683 1276 3736 exercitu

249 3769 275 3819 6.
288 3769 375 3820 Pari...
391 3767 513 3839 devietur.
526 3764 725 3838 Ergoametris
766 3761 873 3825 deleto,
905 3761 1003 3814 finibus
1031 3758 1194 3813 Macedoniae
1223 3762 1273 3812 im·

213 3840 316 3897 insidiis
328 3846 414 3917 perit,
431 3866 514 3918 quum
532 3858 618 3898 tamen
633 3864 725 3898 omnes
764 3841 913 3905 minebant3
926 3858 976 3893 nec
987 3840 1076 3893 minus
1091 3840 1197 3893 Paeones
1211 3859 1273 3911 reg·

213 3923 300 3974 caeteri
311 3922 424 3977 huncab
433 3923 531 3996 Illyriis
541 3924 724 3977 coesumfuisse
764 3940 831 3973 num
848 3919 1012 3973 infestabant.
1035 3920 1162 3973 Preterm
1179 3920 1273 3971 Pausa·

212 4000 340 4066 referant,
360 4001 440 4056 Diod.
458 4002 540 4068 xvt,
562 4022 585 4055 a.
599 4034 634 4043 -
646 4005 723 4055 Anno
765 3998 1275 4071 niaaregiaesfirpisjurenisThracum,

212 4078 293 4130 Urbis
307 4080 367 4147 394.
765 4078 883 4133 Aridaeus
893 4082 962 4151 (cap.
978 4086 1008 4143 4,
1022 4080 1063 4147 5),
1075 4078 1274 4131 Atheniensium

247 4175 273 4226 7.
287 4157 404 4211 Libidinis
414 4178 506 4211 caussa.
520 4158 625 4213 Genein
635 4172 664 4213 ut
673 4178 723 4213 nu·
766 4158 865 4213 auxilio
876 4157 1222 4225 instructus,Macedoniam
1231 4156 1274 4208 ia-
