2967 4684
362 373 742 443 nrsroamauu
768 366 927 443 arasa
952 376 1071 444 xxv.
1179 374 1251 473 379

188 493 280 565 terit.
297 491 523 591 Quamquam
548 492 734 565 Gallorum
756 519 798 565 ea
819 507 1030 594 tempestate
1051 510 1159 569 tante
1184 497 1279 570 soe-t

188 601 383 678 canditatis
398 604 568 698 juventus
586 602 671 706 fuit,
683 619 724 675 ut
741 607 860 676 Asiam
877 630 1025 678 ornnem
1037 662 1046 697 ,
1057 607 1155 680 velut
1169 634 1250 680 exa-

187 718 288 788 mine
300 713 438 812 aliqrm,
450 715 652 814 implerent.
663 717 831 813 Denique
845 741 965 814 neque
977 742 1079 816 reges
1091 721 1250 792 Orientis
1263 745 1280 796 a

188 830 267 897 sine
286 827 513 897 mercenario
536 827 722 897 Gallorum
746 828 908 898 exercitu
925 826 998 899 ulla
1021 829 1115 901 bella
1134 855 1251 928 gesse-

187 952 294 1027 runt3
316 957 437 1035 neque
458 936 551 1035 pulsi
576 961 689 1034 regno
713 937 889 1026 adalim,
911 961 1021 1037 quam
1041 940 1088 1011 ad
1109 939 1252 1024 Gallos,

188 1047 443 1146 conllrgmunt.
459 1053 595 1122 Tantus
612 1063 729 1120 terror
745 1049 872 1120 Gallici
890 1051 1066 1139 nominis,
1082 1065 1298 1122 eramo-10

187 1183 269 1229 rum
286 1159 421 1229 invicta
438 1156 587 1230 felicitas
605 1176 698 1248 erat,
715 1161 873 1232 ritaliter
892 1186 1012 1258 neque
1028 1165 1252 1258 majestatem

187 1294 289 1341 suam
305 1273 430 1352 tutari,
446 1292 566 1367 neque
585 1275 749 1342 amissam
767 1273 970 1374 reciperare
992 1290 1030 1343 se
1048 1297 1154 1370 posse
1172 1276 1252 1344 sine

188 1381 323 1452 Gallica
352 1384 483 1452 virtute
512 1381 784 1454 arbitrarentur.
814 1389 940 1480 Itaque
966 1384 1005 1452 in
1032 1383 1203 1454 auxilium
1231 1405 1296 1454 an

187 1478 363 1587 Biihyniae
381 1515 465 1589 rege
485 1496 620 1581 vocati,
638 1519 791 1591 regnum
813 1518 896 1565 curn
915 1519 959 1565 eo
978 1510 1079 1593 parta
1101 1496 1252 1565 victoria

187 1603 405 1689 diviserunt3
424 1627 576 1702 eamque
597 1608 784 1703 regionem
803 1604 1099 1678 Gallo-Graeciam
1115 1628 1252 1701 cogno·

186 1715 424 1785 minaverunt.
522 1721 526 1752 '

233 1829 296 1894 Ill.
318 1827 414 1896 Dum
435 1825 511 1898 haec
528 1829 569 1896 in
594 1829 673 1898 Asia
694 1843 888 1925 geruntur,
907 1829 1051 1898 interim
1073 1828 1113 1895 in
1138 1824 1281 1895 Sicilia1

188 1935 346 2030 Pyrrhus
365 1961 386 2006 a
411 1939 530 2008 Poenis
550 1939 667 2009 navali
686 1940 811 2037 praelio
829 1940 965 2026 victus,
983 1937 1029 2007 ab
1051 1937 1253 2033 Antigono,

187 2046 407 2117 Macedoniae
421 2073 523 2143 rege,
541 2049 835 2144 supplementum
854 2049 1011 2119 militum
1033 2069 1100 2144 per
1117 2047 1253 2142 legatos

188 2160 302 2256 petit:
323 2155 562 2246 denuntians,
584 2187 601 2221 «
617 2159 655 2225 ni
678 2158 814 2244 mittat,
834 2157 953 2226 redire
978 2178 1015 2225 se
1035 2157 1073 2223 in
1098 2179 1281 2250 regnums

187 2285 334 2339 necesse
350 2266 504 2356 habere,
520 2271 746 2338 incrementa
763 2286 905 2354 renim,
921 2289 1001 2362 quse
1017 2265 1063 2334 de
1080 2267 1254 2336 Romanis

186 2379 360 2468 voluerit,
384 2381 429 2452 de
452 2382 532 2478 ipso
559 2380 834 2476 quaesiturum.»
857 2375 965 2466 Quod
990 2373 1053 2446 ubi
1082 2389 1281 2471 negatumt

187 2489 292 2586 legati
322 2491 548 2578 retulerunt,
574 2487 803 2561 dissimulatis
838 2489 993 2573 caussis,
1021 2488 1252 2584 repentinam

187 2599 292 2699 fingit
318 2601 593 2700 profectionem.
627 2602 750 2670 Socios
781 2600 927 2668 interim
958 2618 1084 2696 parare
1115 2594 1282 2680 bellum4

222 2827 698 2898 9.Deniquserc.Conl.inlraXXXlI,
736 2825 978 2894 'iussa-ysaiam,
990 2825 1070 2878 Diod.
1083 2826 1119 2892 V,
1134 2827 1177 2881 32.
1189 2827 1253 2882 Erat

190 2902 221 2968 3,
234 2909 266 2968 6,
280 2903 351 2956 uude
365 2904 456 2972 vides,
469 2907 596 2958 Nostrum
611 2907 698 2976 ipsum
738 2918 827 2957 autem
845 2905 889 2957 illa
907 2905 984 2976 regio
1001 2905 1116 2978 Phrygia
1137 2917 1251 2976 septetu-

128 3007 132 3025 ι
189 2981 238 3033 sibi
256 2981 435 3035 contradicere
454 2995 479 3035 et
496 3001 552 3036 rem
570 2985 598 3036 in
614 2986 698 3056 majus
739 2984 873 3047 trionalis,
887 2983 956 3035 inter
975 2980 1119 3035 duodecim
1134 2983 1253 3054 ipsorum

188 3060 297 3124 efferre,
307 3077 406 3131 quum,
418 3056 491 3133 quod
504 3060 538 3113 de
552 3060 698 3114 Nicomede
739 3063 945 3114 tetrarchastum
953 3059 1046 3113 divisa.
1055 3063 1132 3112 -Α,
1142 3061 1176 3114 U.
1188 3066 1249 3129 478.

188 3139 330 3210 paucisque
340 3140 397 3192 aliis
407 3141 515 3212 regibus
525 3139 613 3193 dicere
624 3154 698 3213 pote·
775 3139 832 3190 ΙΙΙ.
854 3160 876 3191 1.
894 3146 926 3192 In
942 3141 1032 3190 Sics'le'as.
1052 3139 1175 3192 Graviter
1192 3159 1253 3192 cunr

187 3229 244 3282 rat,
263 3215 297 3269 de
317 3219 439 3270 omnihus
457 3220 523 3271 Asiae
543 3221 649 3290 majoris
672 3233 698 3272 et
739 3218 824 3270 Poenis
839 3217 1009 3270 dimicantem
1025 3218 1158 3290 Pyrrhum
1175 3219 1252 3269 inve-

189 3295 298 3349 minoris
313 3297 420 3368 regibus
435 3295 505 3350 dicat
518 3317 525 3350 :
540 3317 698 3370 quamquem
739 3296 827 3347 nimus
844 3297 945 3368 olymp.
964 3299 1026 3360 ηδ,
1045 3315 1074 3359 ι,
1091 3298 1123 3347 Α.
1136 3296 1171 3347 U.
1188 3298 1253 3365 478,

188 3374 262 3426 luere
272 3373 301 3426 in
312 3375 458 3428 auxiliariis
466 3376 563 3448 Pyrrhi
575 3371 699 3428 Macedo·
738 3373 811 3446 apud
822 3370 899 3427 Diod.
909 3373 1112 3444 XXlI,l'rsgm.
1123 3393 1164 3424 ao.
1173 3375 1253 3426 Geni.

188 3452 258 3504 niam
276 3452 424 3506 invadentis
441 3455 516 3521 (not.
535 3453 568 3507 ad
585 3453 697 3520 XXVI,
739 3469 819 3524 snpra
844 3451 955 3506 noted
977 3451 1095 3516 xxrlr,
1117 3452 1146 3515 3,
1173 3469 1203 3516 ι,
1226 3463 1254 3506 et
1318 3451 1327 3464 “

189 3534 262 3598 r‚r)
276 3532 431 3584 mercenarii
445 3532 569 3586 Antiochi
582 3533 699 3586 Hieracis
739 3531 871 3584 Plutarch.
885 3532 912 3583 in
926 3531 1040 3604 Pyrrho.
1154 3541 1158 3548 '

188 3607 314 3674 XXVII,
329 3629 360 3675 s,
378 3629 417 3662 ro.
776 3629 801 3662 a.
812 3613 973 3672 venusttum,
987 3622 1035 3661 etc.
1048 3605 1213 3659 Denuntisus
1223 3608 1252 3661 ni

225 3704 266 3740 rr.
285 3692 316 3739 In
335 3689 460 3740 wadium.
483 3687 581 3741 Contra
605 3689 698 3741 Antio·
739 3689 826 3742 mittat
848 3689 974 3741 auxilium
997 3687 1047 3757 ipsi
1068 3703 1178 3738 neeesse
1197 3691 1253 3740 esse

187 3764 281 3828 chum,
291 3767 373 3841 Syrius
380 3785 469 3838 regem
478 3769 548 3839 (cap.
558 3770 699 3836 r‚r)‚cum
739 3767 828 3821 redire
839 3769 867 3819 in
881 3783 993 3838 regnum
1008 3781 1101 3828 suum,
1113 3776 1140 3817 et
1152 3777 1253 3818 tnncse

187 3843 348 3910 Nicomede,
365 3847 496 3920 Bithynius
508 3865 587 3916 rege,
601 3848 698 3899 bellum
740 3859 876 3917 gesturum
891 3847 919 3898 in
936 3862 998 3897 euru
1012 3843 1127 3918 bellum,
1142 3855 1171 3895 ur
1186 3843 1253 3895 lines

187 3935 332 3991 gerentem.
346 3953 380 3964 -
397 3928 490 3976 Vocati.
507 3925 576 3976 Cum
592 3925 697 3978 Gravia
739 3925 844 3997 imperii
854 3925 893 3977 sui
905 3923 1011 3987 dilatet,
1023 3921 1096 3993 quod
1108 3922 1195 3975 lacere
1205 3938 1253 3975 ro·

186 3997 249 4051 dedi
265 4019 297 4052 ex
317 4001 417 4074 aliquot
433 4003 510 4055 MSS.
524 4013 550 4054 et
564 4001 607 4054 ed.
622 4003 696 4055 Med.
738 4003 808 4055 lebat
821 4001 962 4074 dispendio
975 4003 1165 4054 Romanorum.
1181 4017 1226 4052 sn.

186 4095 237 4148 pro
250 4081 359 4132 invocati.
369 4112 403 4121 -
415 4081 623 4133 Gallu-Graeciam.
636 4083 697 4136 Sive
774 4085 799 4136 3.
813 4085 895 4151 Fingit
901 4080 1085 4152 prosectionem.
1095 4080 1199 4135 Scilicet
1207 4089 1252 4151 pa‘·

187 4158 328 4226 Galatiam,
340 4177 426 4231 quum
439 4160 489 4232 ipsi
503 4161 698 4232 appellarentur
737 4173 791 4226 rat,
805 4161 923 4213 adornat.
