2967 4684
394 350 773 419 HISTORIARUM
798 353 959 423 LIBER
982 360 1090 427 XXI.
1201 360 1270 445 343

210 492 310 540 mum
323 468 403 538 vitae
417 492 530 565 genus
544 467 751 540 descendit:
767 496 842 543 non
858 490 1054 563 contentus
1068 480 1107 550 in
1122 480 1270 577 publico
1284 500 1299 554 t
1387 525 1390 536 ·

210 581 347 677 vagari,
366 578 429 650 sed
447 594 573 677 potare
587 606 595 648 ε
611 603 681 650 nec
698 584 860 679 conspici
877 586 916 654 in
930 590 1076 687 popinis
1090 588 1271 687 lupanari·

210 689 370 789 busque,
388 690 451 763 sed
472 693 556 761 totis
577 690 705 761 diebus
722 689 905 766 desidere:
922 712 1006 769 cum
1028 698 1269 797 perditissimo
1284 712 1299 765 ⁵

211 827 358 900 quoque
383 801 429 872 de
453 801 612 872 minimis
642 800 752 873 rebus
781 801 999 903 disceptare,
1022 832 1208 906 pannosus
1234 828 1271 883 et

210 912 393 1010 squalidus
415 911 609 983 incedere:
630 913 742 983 risum
766 911 938 986 libentius
959 918 1138 1015 praebere,
1161 936 1299 1019 quamfi

211 1036 374 1121 captare:
391 1024 431 1092 in
447 1021 597 1093 macello
617 1036 795 1120 perstare,
815 1026 915 1121 quod
933 1052 1054 1100 emere
1073 1056 1151 1103 non
1169 1049 1271 1133 pote·
1349 1056 1354 1068 ·

210 1148 284 1221 rat,
304 1133 418 1205 oculis
440 1132 642 1205 devorare:
663 1132 761 1231 apud
787 1133 906 1207 aediles
927 1136 1095 1212 adversus
1118 1143 1299 1218 lenones:

207 1246 361 1342 jurgari,
378 1246 572 1341 omniaque
590 1242 809 1330 istalaccre‚
826 1259 868 1315 ut
886 1252 1177 1323 contemnendus
1195 1278 1271 1325 ma·
1302 1295 1308 1304 ·

211 1358 279 1453 gis,
298 1380 406 1454 quam
426 1355 663 1443 metuendus,
681 1354 874 1427 videretur.
895 1358 1097 1430 Novissime
1119 1362 1300 1435 ludimus

210 1469 358 1564 gistrum
375 1464 575 1565 professus,
592 1490 724 1565 pueros
743 1467 782 1535 in
800 1466 907 1536 trivio
925 1467 1097 1557 docebat,
1114 1486 1156 1542 ut
1174 1448 1271 1543 abta

210 1579 421 1652 timentibus
442 1604 584 1676 semper
606 1580 646 1650 in
668 1577 817 1677 publico
839 1577 1041 1668 videretur,
1064 1595 1126 1652 aut
1148 1605 1168 1651 a
1190 1608 1269 1655 non

210 1690 421 1764 timentibus
445 1688 583 1767 facilius
606 1704 912 1760 contemneretur.
932 1694 1023 1762 Nam
1042 1692 1126 1763 licet
1147 1706 1270 1789 tyran·
1283 1725 1300 1775 o

210 1803 300 1873 nicis
323 1803 416 1873 vitiis
440 1826 581 1900 semper
604 1799 825 1887 abundaret,
846 1814 968 1871 tamen
990 1801 1169 1873 simulatio
1192 1799 1270 1873 baec

210 1912 396 2000 vitiorum,
411 1931 489 1982 non
506 1927 643 1983 naturae
657 1927 750 2000 erat3
764 1912 948 2012 magisque
963 1910 1040 1983 haec
1054 1928 1147 2002 arte,
1160 1938 1270 2011 quam

210 2026 338 2095 amisso
357 2023 465 2121 regali
483 2023 623 2121 pudore
641 2021 811 2110 faciebat,
824 2037 1013 2121 expertus,
1027 2048 1135 2121 quam
1155 2026 1271 2095 invisa

210 2128 450 2231 tyrannorum
465 2133 588 2207 forent
605 2137 712 2205 etiam
730 2135 809 2205 sine
825 2133 958 2232 opibus
976 2136 1135 2205 nomina
1153 2132 1269 2206 Labo-
1286 2166 1317 2201 ιο

210 2243 311 2315 rabat
333 2248 455 2343 itaque
481 2244 651 2316 invidiam
679 2247 944 2343 praeteritorum
970 2259 1158 2328 contemtu
1183 2270 1271 2343 prae·

212 2356 366 2426 sentium
393 2356 537 2427 demere
555 2383 563 2426 :
581 2380 702 2453 neque
730 2354 905 2443 honesta,
927 2355 990 2426 sed
1017 2369 1094 2426 tuta
1120 2356 1271 2426 consilia
1331 2392 1340 2401 -

211 2466 530 2567 circumspiciebat.
546 2472 646 2538 Inter
664 2466 729 2537 has
747 2480 870 2536 tamen
889 2449 1159 2537 simulationum
1176 2481 1270 2537 artes
1285 2506 1313 2538 ιι

210 2579 434 2651 insimulatus
449 2594 502 2651 est
516 2576 699 2651 adfectatae
718 2575 940 2675 tyrannidis3
958 2601 1025 2648 nec
1042 2576 1144 2647 aliter
1161 2601 1270 2674 quam

211 2688 296 2762 dum
314 2694 576 2780 contemnitur,
590 2689 762 2761 liberatus
779 2701 842 2759 est.

211 2884 306 2937 amedu
321 2904 405 2937 caussa
420 2886 583 2952 'dolituri-unt,
602 2900 652 2942 etc.
672 2877 717 2941 in.
759 2886 918 2961 Dionysium
936 2886 1048 2940 finxerat
1070 2886 1120 2939 sibi
1141 2888 1272 2941 recentior

211 2992 244 3003 -·
259 2967 336 3017 Anno
348 2964 428 3017 Urbis
442 2971 501 3023 dtr.
758 2966 934 3037 philosophus
943 2984 1026 3036 quum
1040 2963 1074 3017 de
1087 2983 1120 3018 co
1131 2966 1269 3019 exclamat:

244 3061 270 3113 7.
289 3042 390 3096 AEdiles.
412 3044 534 3108 Quorum
556 3062 625 3097 curu
643 3062 718 3097 com·
761 3046 993 3115 Ouij’ar'memim
1002 3043 1109 3109 centfois
1117 3045 1183 3095 leroi
1190 3045 1220 3095 de
1228 3050 1271 3115 Sy-

210 3120 286 3173 missa
296 3132 370 3174 erant
381 3122 469 3173 omnia
479 3120 587 3174 aedilicia
598 3122 717 3192 publica,
758 3143 856 3187 meuse,
867 3128 950 3175 mactra
959 3122 1075 3174 d'ecoled
1085 3124 1208 3185 Corintho,
1219 3124 1271 3173 elle

211 3196 324 3269 indeque
332 3210 358 3251 et
367 3200 471 3271 popinas
479 3200 655 3251 lenonum-
665 3206 719 3251 tm
758 3205 796 3254 roi
811 3202 842 3253 de
858 3202 1014 3264 Macellum,
1027 3199 1129 3271 greffier
1147 3203 1162 3253 cl
1181 3208 1268 3265 Rome,

207 3280 272 3347 pari.
283 3276 368 3331 Modii
377 3278 453 3331 MSS.
457 3280 571 3349 jurgare,
585 3290 614 3331 ut
624 3278 717 3331 Cicero
758 3282 834 3354 qu'un
847 3282 999 3332 ηιαΙΙιειινωι
1012 3283 1117 3351 Tarquin
1127 3280 1274 3331 maacham

211 3357 322 3428 Republ.
331 3356 370 3407 IV
385 3375 391 3408 :
404 3360 430 3409 Si
432 3360 547 3427 jurgant,
560 3356 716 3423 benivolorum
757 3379 804 3432 que
815 3360 911 3411 λινοιιὶν
922 3360 965 3411 s'il
978 3378 1009 3411 no
1024 3362 1097 3428 'dgna
1105 3377 1192 3428 pac...
1208 3364 1231 3413 Ι,
1245 3364 1268 3408 Ι.

210 3440 352 3487 concertatio
365 3445 407 3487 est.
423 3454 469 3487 nn.
757 3444 879 3490 Rousseau
886 3478 894 3501 ,
908 3429 992 3488 danila
1004 3454 1050 3491 ιι).

246 3515 271 3566 8.
290 3513 508 3583 magistram.-
518 3510 587 3563 Edd.
606 3513 720 3583 antiquae
794 3534 819 3584 9.
833 3520 891 3567 Non
900 3526 1061 3567 namroeerat.
1071 3513 1134 3565 Hac
1144 3512 1269 3566 vitiorum

211 3592 329 3663 quinque
339 3603 367 3645 et
377 3592 454 3645 MSS.
467 3592 552 3661 Bong.
566 3588 667 3643 addunt
678 3610 718 3654 se,
762 3594 891 3647 simulatio
904 3611 959 3646 non
972 3603 1028 3644 erat
1038 3602 1143 3653 mturoe,
1159 3590 1270 3655 scilicet,

210 3671 291 3735 bene3
308 3670 357 3722 nisi
374 3670 448 3722 malis
461 3686 520 3721 com
534 3688 589 3721 uno
605 3666 665 3721 cod.
682 3668 721 3721 le·
762 3684 791 3725 ot
806 3670 924 3724 Freinsh.
946 3670 1071 3733 molebat,
1093 3680 1205 3720 num:
1226 3669 1269 3721 coi

213 3766 274 3819 gere
292 3749 510 3819 ludimagistcrium.
527 3779 561 3789 -
581 3750 666 3799 Trivio.
689 3744 721 3799 ld
762 3748 913 3820 oppositum
935 3767 990 3810 ars,
1012 3746 1065 3799 boc
1084 3764 1160 3797 sensu
1178 3767 1184 3797 ε
1202 3746 1268 3812 etsi,

211 3839 263 3891 cst,
271 3828 299 3879 in
308 3826 426 3898 publico,
434 3836 722 3896 nonquosensuposte·
762 3845 846 3899 quum
857 3844 905 3878 rex
917 3827 1065 3897 (tymnnus)
1078 3824 1182 3890 luisset,
1194 3824 1270 3877 inde·

211 3902 722 3975 rioribustemporibustriviumetquadri·
761 3901 1270 3979 quequepudendnsibi,regaliquesuae

212 3980 721 4035 riumadhiherisolitumluit.vid.mem.
763 3981 896 4055 quondam
916 3979 1039 4052 dignitati
1060 3992 1162 4046 essent,
1187 3982 1270 4053 probe

212 4060 722 4133 autumabam11,pag.357.-Con·
763 4062 856 4127 sciret3
869 4074 955 4113 tomen
966 4070 1123 4111 contemtum
1132 4058 1202 4111 illam
1212 4078 1271 4130 per·

214 4150 364 4191 temnentia.
376 4140 437 4193 Non
448 4138 484 4191 ita
501 4136 723 4192 contemnendum
762 4158 853 4193 sonam
877 4156 955 4211 agere
978 4138 1089 4205 maluit,
1112 4156 1190 4209 quam
1216 4140 1270 4190 ullo
