2967 4684
156 402 165 414 ,
235 327 305 397 302
659 316 869 386 JUSTINI

205 462 330 521 orent.
346 444 416 517 Sed
436 440 630 517 Clearchus
651 438 776 511 exsilio
799 436 1037 508 facinorosior
1058 434 1240 525 redditus,
1260 451 1297 509 et

237 556 499 629 dissensionem
513 550 638 651 populi
654 551 883 621 occasionem
903 545 1114 619 invadenda
1134 551 1297 645 tyrarrni·

238 670 293 740 dis
310 668 532 749 existimans,
545 663 664 761 prim0
681 662 810 731 tacitus
826 682 910 731 cum
927 656 1152 745 Mithridate,
1166 659 1298 729 civium

210 803 388 858 7suorum
399 775 516 863 hoste,
526 772 807 871 colloquitur3et
816 770 905 839 inita
917 770 1085 841 societate
1094 769 1297 868 paciscitur,

238 904 280 961 ut
297 900 485 960 revocatus
506 887 546 954 in
568 884 738 983 patriam,
761 879 904 979 prodita
926 882 958 950 ei
982 880 1091 969 urbe,
1110 876 1298 979 praelectus

210 1000 314 1094 uejus
333 1000 624 1069 constitueretur.
643 998 771 1065 Postea
788 1006 908 1063 autem
927 989 1090 1079 insidias,
1107 1016 1196 1089 quas
1213 992 1298 1061 civi-

210 1107 308 1184 ahus
327 1122 530 1208 paraverat,
546 1108 586 1177 in
604 1107 720 1204 ipsum
739 1102 986 1175 Mithridatem
1002 1106 1116 1175 vertit.
1134 1105 1299 1200 Namque

238 1242 372 1317 quuuu
384 1218 483 1289 velut
496 1215 632 1289 arbiter
648 1215 759 1287 civilis
773 1212 973 1303 discordiae,
985 1213 1029 1285 de
1043 1214 1167 1287 exsilio
1180 1240 1299 1285 rever·

238 1355 299 1403 sus
314 1344 423 1417 esset,
437 1342 572 1401 statuto
587 1342 770 1426 tempore,
785 1352 858 1425 quo
872 1324 1001 1397 urbem
1015 1324 1214 1397 Mithridati
1228 1341 1299 1396 tra-

185 1468 188 1480 ’
240 1440 362 1531 deret,
377 1442 496 1540 ipsum
513 1462 598 1510 cum
613 1439 738 1509 amicis
759 1440 832 1509 suis
854 1439 968 1535 cepit;
985 1452 1221 1535 captumque,
1238 1460 1302 1507 ac-

195 1580 228 1615 ro
240 1564 345 1649 cepta
356 1550 497 1647 ingenti
508 1548 673 1647 pecunia,
682 1548 827 1620 dimisit.
839 1552 957 1647 Atque
968 1562 1010 1619 ut
1019 1548 1058 1618 in
1070 1547 1132 1619 illo
1142 1547 1301 1619 subitum

240 1686 278 1731 se
295 1686 340 1731 ex
361 1661 460 1731 socio
481 1658 567 1731 fecit
587 1657 745 1748 hostem,
760 1661 812 1729 sic
833 1684 878 1730 ex
901 1655 1091 1729 defensore
1114 1658 1301 1729 senatoria
1391 1716 1393 1721 .

197 1801 226 1836 ιι
241 1795 393 1858 caussae,
414 1785 565 1869 repente
586 1784 762 1869 patronus
784 1769 899 1868 plebis
922 1770 1053 1858 evasit3
1075 1784 1112 1840 et
1134 1769 1301 1841 adversus

241 1896 407 1953 auctores
420 1884 590 1981 potentias
604 1904 724 1968 suae,a
739 1879 871 1978 quibus
883 1894 1073 1953 revocatus
1084 1883 1123 1950 in
1136 1882 1302 1979 patriam,

240 2018 307 2093 per
320 2018 413 2091 quos
426 1996 465 2063 in
480 2018 563 2065 arce
578 1992 774 2064 collocatus
789 1990 923 2078 luerat,
935 2016 1012 2063 non
1028 1990 1144 2063 solum
1159 1990 1301 2089 plebem

240 2104 425 2191 accendit,
442 2128 570 2175 verum
591 2105 699 2175 etiam
721 2100 978 2175 nefandissima
1000 2128 1152 2201 quaeque
1175 2117 1303 2199 tymn-

198 2249 228 2286 ιο
242 2218 332 2287 nicae
343 2214 564 2288 crudehtatis
575 2216 746 2287 exercuit.
756 2217 869 2311 Igitur
880 2213 1017 2313 populo
1029 2213 1075 2286 ad
1086 2216 1303 2286 concionem

240 2342 390 2416 vocato,
415 2356 434 2392 a
451 2350 573 2425 neque
597 2350 636 2398 se
660 2324 871 2397 adfuturum
893 2323 1044 2424 amplius
1067 2327 1241 2423 grassanti
1262 2328 1300 2395 in

241 2439 417 2538 populum
439 2440 579 2511 senatui
589 2427 629 2528 ,n
647 2440 715 2526 ait3
732 2439 1045 2509 «intercessurum
1066 2438 1193 2524 etiam,
1213 2439 1242 2507 si
1263 2438 1301 2506 in

197 2562 229 2614 13
243 2551 393 2649 pristina
411 2550 543 2621 saevitia
564 2564 769 2649 perseveret
783 2576 791 2619 ε
807 2548 906 2647 quod
923 2550 952 2619 si
970 2572 1073 2648 pares
1091 2572 1129 2620 se
1150 2546 1303 2619 crudeli·

241 2661 308 2731 tati
327 2674 537 2731 senatorum
554 2658 798 2747 arbitrentur,
817 2659 998 2731 abiturum
1023 2684 1106 2731 cum
1129 2655 1304 2729 militibus

196 2790 228 2847 1t
242 2772 334 2858 suis,
345 2795 465 2868 neque
479 2769 642 2848 civilibus
654 2770 845 2842 discordiis
860 2767 1128 2841 interfuturum.
1141 2768 1202 2839 Sin
1215 2791 1303 2839 vero

243 2880 412 2953 diffidant
423 2881 559 2955 viribus
572 2883 748 2983 propriis,
761 2880 930 2953 vindictae
946 2905 983 2952 se
1001 2884 1132 2951 civium
1145 2904 1224 2950 non
1241 2878 1303 2951 de·

198 3006 230 3060 15
243 2991 415 3065 futirrum.
428 2994 585 3065 Proinde
598 2992 793 3065 considant
805 2991 874 3063 sibi
882 2994 967 3091 ipsi,
973 2990 1126 3091 jubeant
1134 2989 1234 3061 abire
1248 3014 1303 3075 se,

199 3122 230 3173 16
243 3130 290 3176 an
312 3103 440 3177 malint
467 3130 599 3176 caussa
626 3103 810 3203 popularis
835 3106 973 3175 socium
994 3126 1219 3174 remanere.»
1241 3101 1304 3171 His

277 3332 302 3385 8.
320 3334 404 3382 Vertit.
418 3330 459 3383 Ita
474 3348 525 3401 pro
540 3343 649 3383 uerterat
664 3331 752 3403 recepi
794 3342 882 3383 torum
895 3329 1043 3383 crudelitati
1054 3329 1091 3397 (si
1105 3327 1153 3381 soli
1166 3346 1214 3380 ros
1228 3343 1303 3379 sena-

242 3428 275 3464 ex
287 3408 347 3461 ald.
359 3409 508 3480 postulante
522 3426 608 3461 sensu.
793 3420 880 3461 torum
893 3408 1042 3461 crudelitati
1049 3406 1169 3459 resistere
1178 3422 1304 3477 possem

280 3488 370 3541 12-15.
378 3492 463 3559 Neque
470 3506 525 3541 se...
534 3506 664 3539 remanere.
674 3485 753 3540 Hunc
792 3486 956 3555 hitramini),
981 3485 1058 3539 abibo
1086 3502 1148 3537 cum
1175 3482 1303 3536 militibus

242 3568 329 3621 locum
347 3567 376 3619 in
388 3565 478 3618 multis
492 3564 570 3618 codd.
590 3566 752 3619 contamina·
792 3565 870 3629 meis,
883 3583 969 3635 neque
983 3563 1103 3617 civilibus
1113 3562 1252 3615 discordiis
1262 3562 1306 3619 iu·,
1394 3605 1396 3609 .

241 3643 752 3699 tumitarestituitGraeviusexeditione
794 3654 888 3696 terero.
913 3644 960 3697 Sin
982 3660 1047 3695 vero
1064 3640 1184 3695 diffiditis
1203 3640 1304 3695 viribus

242 3724 361 3777 Jundna.
378 3742 423 3776 ru.
435 3754 470 3763 -
486 3723 633 3795 Equidem,
650 3724 753 3795 inquit,
794 3724 925 3795 propriis,
938 3720 1061 3794 equidem
1073 3719 1197 3774 vindicte
1206 3720 1306 3774 civium

242 3820 298 3855 uon
311 3803 422 3875 amplios
435 3800 515 3855 adero
535 3806 636 3856 senatui
651 3804 680 3855 in
694 3804 753 3875 ple·
794 3820 848 3853 non
862 3800 943 3855 deero
957 3800 1108 3870 (vindicabo
1118 3800 1189 3854 cives
1202 3818 1216 3851 a
1230 3816 1307 3852 sena·

242 3880 304 3932 hem
315 3883 359 3949 (s.
381 3883 413 3949 ι)
431 3882 571 3952 grassami3
594 3880 754 3935 intercedam
794 3892 882 3933 torum
899 3880 1023 3951 saevitia).
1045 3878 1160 3933 Proinde
1178 3879 1306 3931 consulite

244 3958 321 4011 etiam
331 3956 471 4029 (adjuvabo
482 3979 531 4014 ros
539 3997 547 4023 ‚
555 3961 681 4032 plebeii),
692 3960 714 4013 ai
724 3960 753 4013 iu
794 3960 870 4013 robis
883 3960 949 4031 ipsi:
959 3960 1106 4032 iubeatisne
1121 3960 1193 4012 ubire
1202 3977 1258 4022 me,
1271 3976 1305 4010 an

243 4036 353 4106 pristina
365 4036 460 4089 savia·
472 4050 630 4109 perseverat.
644 4042 701 4091 Vos
713 4050 752 4091 ta·
794 4038 889 4089 malitis
912 4056 1047 4093 remanere
1069 4038 1162 4111 populi
1185 4036 1306 4110 (plebis)

243 4132 320 4181 meu,
332 4113 438 4185 tipum
447 4116 666 4171 vosarbitramini
679 4136 753 4170 seua·
795 4134 890 4169 caussae
903 4118 1011 4170 socium.
