2967 4684
415 385 793 455 HISTORIARUM
817 387 975 454 LIBER
1000 387 1065 454 XI.
1195 385 1264 481 239
1313 422 1317 434 ·

207 521 352 606 pertus,
370 503 508 578 felicius
529 506 689 594 hostem,
708 531 815 602 quam
836 523 1007 604 cognatos
1029 508 1175 579 sortitus
1195 511 1265 596 sit;

209 621 344 716 quippe
369 620 475 688 matri
498 633 534 690 et
557 616 679 689 liberis
707 619 780 688 suis
806 617 852 688 ab
880 619 1006 689 eodem
1029 616 1133 688 hoste
1154 619 1292 693 vitame

208 729 328 800 datam
347 757 355 798 :
374 728 442 800 sibi
464 755 483 800 a
506 729 668 826 cognatis
690 742 867 824 ereptam,
890 728 1021 825 quibus
1043 743 1079 798 et
1099 729 1207 798 vitam
1229 746 1265 800 et

207 862 319 934 regna
334 836 481 908 dederit.
496 836 741 928 Quamobrem
756 839 904 932 gratiam
918 835 985 909 illis
998 861 1078 909 eam
1090 836 1264 929 suturam,
1276 869 1293 918 9

209 971 318 1042 quam
337 949 413 1045 ipse
432 950 549 1018 victor
570 947 675 1017 volet.
701 946 904 1018 Alexandro
925 946 1058 1019 referre
1080 974 1137 1037 se,
1156 976 1264 1046 quam
1278 982 1310 1016 to

208 1057 321 1128 solam
337 1059 496 1128 moriens
515 1071 654 1154 potest,
677 1058 849 1152 gratiam:
865 1059 1006 1153 precari,
1021 1082 1191 1155 supenrm
1209 1061 1265 1130 in-

199 1162 397 1264 ‘ferumque
418 1169 589 1252 numina,
608 1180 644 1234 et
664 1165 799 1260 regales
819 1169 936 1253 Deos,
955 1183 996 1235 ut
1017 1165 1068 1236 illi
1091 1183 1265 1242 terrarum

207 1276 371 1346 omnium
394 1277 524 1346 victori
549 1274 738 1369 contingat
761 1275 962 1372 imperium.
986 1279 1056 1345 Pro
1079 1302 1116 1347 se
1134 1281 1266 1372 justam
1281 1309 1308 1343 ιι

206 1387 336 1482 magiS,
358 1411 465 1483 quam
488 1409 632 1482 gravem
654 1384 846 1482 sepulturas
867 1386 1010 1454 veniam
1031 1410 1143 1456 orare.
1159 1389 1267 1476 Quod
1281 1421 1312 1456 ιι

207 1495 253 1567 ad
270 1497 446 1566 ultionem
465 1495 659 1592 pertineat,
677 1495 751 1590 jam
774 1520 851 1573 non
875 1520 994 1583 suam,
1011 1496 1074 1568 sed
1093 1500 1268 1597 exempli,

208 1630 514 1704 communemque
534 1629 698 1676 omnium
720 1629 846 1704 regum
864 1629 940 1676 esse
960 1630 1139 1694 caussam,
1158 1633 1269 1706 quam

176 1727 177 1730 ’
208 1708 455 1819 negligere,illi
466 1733 502 1788 et
511 1716 726 1787 indecorum
736 1713 1024 1812 etpericulosum
1034 1718 1269 1815 esse2quippe

207 1853 321 1928 quum
335 1831 374 1900 in
389 1828 501 1900 altero
513 1829 657 1924 justitiae
675 1827 769 1924 ejus,
782 1831 821 1898 in
837 1826 949 1900 altero
968 1830 1076 1900 etiam
1092 1827 1268 1918 utilitatis,

207 1963 329 2010 caussa
351 1953 523 2010 versetur.
545 1943 588 2008 In
616 1963 724 2035 quarn
751 1963 828 2008 rem
852 1941 1002 2009 unicum
1027 1940 1158 2036 pignus
1182 1938 1267 2012 fidei
1283 1956 1314 2008 13

205 2053 331 2146 regiae,
349 2049 512 2120 dextram
535 2073 572 2118 se
596 2047 783 2120 serendam
807 2050 1009 2120 Alexandro
1036 2050 1160 2122 dare.»
1186 2057 1270 2124 Post

207 2158 302 2246 haee,
321 2175 488 2255 porrecta
500 2182 635 2258 manu,
654 2161 854 2254 exspiravit.
871 2162 958 2246 Quae
982 2157 1047 2228 ubi
1065 2159 1314 2236 Alexandrou

208 2270 374 2337 nuntiata
394 2282 497 2351 sunt,
516 2269 593 2335 viso
617 2290 771 2363 corpore
793 2266 974 2354 defuncti,
993 2282 1065 2337 tam
1084 2269 1270 2365 indignam

206 2375 269 2446 illo
295 2373 434 2474 fastigio
461 2391 615 2446 mortem
642 2375 809 2472 lacrymis
835 2391 1078 2474 prosequutus
1096 2392 1169 2466 est3
1191 2404 1271 2448 cor-

207 2511 349 2586 pusque
367 2488 466 2583 regio
485 2510 586 2556 more
603 2484 759 2584 sepeliri,
773 2500 809 2556 et
820 2484 991 2582 reliquias
1005 2486 1080 2581 ejus
1093 2489 1270 2583 majorum
1377 2519 1380 2523 ·

207 2597 355 2670 tumulis
373 2595 499 2668 inferri
514 2597 628 2693 jussit.

243 2761 270 2812 8.
280 2764 363 2828 Regna
376 2757 476 2808 dederit.
491 2757 552 2810 scit.
566 2755 718 2826 Satrapiam.
759 2767 898 2825 pretentur
910 2755 1014 2808 debiam
1028 2758 1192 2828 (exjustitia
1203 2759 1270 2832 legi-

242 2855 268 2906 9.
285 2837 469 2905 Quamobrem...
485 2837 560 2886 volet.
577 2835 624 2886 Isti
638 2835 721 2906 igitur
760 2835 820 2905 bus)
829 2834 1006 2906 potiusquam
1016 2836 1137 2888 molestam
1150 2838 1272 2905 (Alexan-

208 2917 318 2968 scelesto
334 2917 412 2968 Besso
423 2911 574 2966 Alexander
587 2915 672 2968 victor
686 2932 719 2966 ex
760 2910 836 2984 dro).
851 2932 896 2964 en.
1212 2912 1216 2920 '

209 2994 318 3048 arbitrio
332 3005 427 3046 statuet
440 3011 551 3064 poenam.
797 3011 838 3045 ra.
852 2998 918 3042 Esse.
933 2990 966 3043 ld
982 3004 1021 3045 eet
1036 2993 1078 3045 sit.
1091 2992 1155 3048 Vid.
1165 3009 1221 3047 not.
1236 2995 1273 3048 ad

245 3091 287 3126 to.
302 3078 389 3122 Potest.
405 3069 690 3142 Corrigendumporsit.
759 3089 816 3143 cap.
838 3071 873 3134 3,
896 3088 937 3124 ro.
961 3101 990 3110 -
1009 3076 1111 3123 lustitia
1130 3076 1196 3145 ejus,
1217 3087 1269 3128 etc.

245 3168 287 3202 11.
304 3157 424 3200 luston...
438 3151 541 3218 gravem.
560 3149 594 3198 Is.
608 3147 719 3200 Vossius
759 3149 869 3201 Justitiaa
882 3166 969 3200 caussa
985 3162 1104 3202 versatur
1117 3152 1145 3202 in
1158 3151 1271 3216 hoc,ut
1373 3213 1376 3220 Ι

209 3225 317 3298 conjicit
331 3229 437 3297 justoe...
456 3229 536 3295 gravis
555 3225 719 3292 (Alexandro
759 3226 907 3278 Alexander
922 3245 1016 3298 regum
1031 3225 1128 3280 cedem
1146 3231 1270 3298 injustam
1367 3289 1370 3293 ,

210 3305 314 3378 gravis,
324 3307 342 3358 i.
354 3325 377 3357 e.
393 3307 563 3372 sumtuose),
575 3304 626 3355 nisi
637 3305 719 3358 mavis
759 3305 999 3369 ulciscatur3simul
1009 3325 1115 3377 quoque
1125 3307 1207 3378 ipsius
1217 3310 1269 3360 uti·

209 3403 269 3440 cum
291 3385 324 3438 N.
346 3383 455 3436 Heinsio
478 3381 531 3453 (ad
553 3380 633 3436 Ovtd.
654 3383 717 3434 Her.
759 3384 839 3437 tinus
853 3401 957 3448 cauam,
971 3403 1019 3447 ne,
1034 3385 1084 3436 hac
1102 3383 1172 3437 cede
1188 3385 1270 3438 multa

209 3464 283 3529 vn,
300 3465 365 3533 188)
378 3467 506 3534 impensem
519 3461 652 3532 corrigere
668 3479 719 3531 pro
760 3462 909 3533 exemplum
920 3462 997 3514 latius
1010 3475 1109 3534 serpat,
1122 3463 1270 3515 Alexandro

208 3548 313 3596 oenum.
327 3540 377 3598 Atti
388 3544 510 3611 justam...
522 3559 620 3612 gruem
636 3540 718 3592 inter·
759 3541 811 3611 ipsi
823 3541 1000 3613 periculosum
1013 3542 1139 3592 futurum.
