<?xml version="1.0" encoding="UTF-8"?>
<!DOCTYPE html PUBLIC "-//W3C//DTD XHTML 1.0 Transitional//EN"
    "http://www.w3.org/TR/xhtml1/DTD/xhtml1-transitional.dtd">
<html xmlns="http://www.w3.org/1999/xhtml" xml:lang="en" lang="en">
 <head>
  <title>
</title>
<meta http-equiv="Content-Type" content="text/html;charset=utf-8" />
  <meta name='ocr-system' content='tesseract 3.04.00' />
  <meta name='ocr-capabilities' content='ocr_page ocr_carea ocr_par ocr_line ocrx_word'/>
</head>
<body>
  <div class='ocr_page' id='page_1' title='image "./justinihistoria00lemagoog_0111.png"; bbox 0 0 2967 4684; ppageno 0'>
   <div class='ocr_carea' id='block_1_1' title="bbox 244 382 1304 435">
    <p class='ocr_par' dir='ltr' id='par_1_1' title="bbox 244 382 1304 435">
     <span class='ocr_line' id='line_1_1' title="bbox 244 382 1304 435; baseline 0.005 -18"><span class='ocrx_word' id='word_1_1' title='bbox 244 382 1304 435; x_wconf 42' lang='lat' dir='ltr'><em>Q</em></span> 
     </span>
    </p>
   </div>
   <div class='ocr_carea' id='block_1_2' title="bbox 346 588 1189 715">
    <p class='ocr_par' dir='ltr' id='par_1_2' title="bbox 346 588 1189 715">
     <span class='ocr_line' id='line_1_2' title="bbox 346 588 1189 715; baseline 0.006 -10"><span class='ocrx_word' id='word_1_2' title='bbox 346 588 794 708; x_wconf 86' lang='lat' dir='ltr'><strong>PRAEFATIO</strong></span> <span class='ocrx_word' id='word_1_3' title='bbox 832 591 1189 715; x_wconf 89' lang='lat' dir='ltr'>JUSTINI.</span> 
     </span>
    </p>
   </div>
   <div class='ocr_carea' id='block_1_3' title="bbox 680 876 857 895">
    <p class='ocr_par' dir='ltr' id='par_1_3' title="bbox 680 876 857 895">
     <span class='ocr_line' id='line_1_3' title="bbox 680 876 857 895; baseline 0.011 -2"><span class='ocrx_word' id='word_1_4' title='bbox 680 876 857 895; x_wconf 51' lang='lat' dir='ltr'>um-</span> 
     </span>
    </p>
   </div>
   <div class='ocr_carea' id='block_1_4' title="bbox 209 1026 1300 1819">
    <p class='ocr_par' dir='ltr' id='par_1_4' title="bbox 209 1026 1300 1819">
     <span class='ocr_line' id='line_1_4' title="bbox 209 1026 1299 1163; baseline 0.007 -41"><span class='ocrx_word' id='word_1_5' title='bbox 209 1081 220 1113; x_wconf 86' lang='grc' dir='ltr'><strong>ι</strong></span> <span class='ocrx_word' id='word_1_6' title='bbox 236 1026 363 1163; x_wconf 72' lang='lat' dir='ltr'>Quum</span> <span class='ocrx_word' id='word_1_7' title='bbox 374 1053 471 1123; x_wconf 93' lang='lat' dir='ltr'>multi</span> <span class='ocrx_word' id='word_1_8' title='bbox 485 1080 525 1124; x_wconf 84' lang='lat' dir='ltr'>ex</span> <span class='ocrx_word' id='word_1_9' title='bbox 536 1058 713 1140; x_wconf 86' lang='lat' dir='ltr'>Romanis,</span> <span class='ocrx_word' id='word_1_10' title='bbox 725 1059 825 1129; x_wconf 86' lang='lat' dir='ltr'>etiam</span> <span class='ocrx_word' id='word_1_11' title='bbox 839 1054 1021 1129; x_wconf 89' lang='lat' dir='ltr'>consularis</span> <span class='ocrx_word' id='word_1_12' title='bbox 1034 1056 1207 1155; x_wconf 80' lang='lat' dir='ltr'>dignitatis</span> <span class='ocrx_word' id='word_1_13' title='bbox 1219 1059 1299 1147; x_wconf 81' lang='lat' dir='ltr'>viri,</span> 
     </span>
     <span class='ocr_line' id='line_1_5' title="bbox 233 1168 1299 1267; baseline 0.008 -36"><span class='ocrx_word' id='word_1_14' title='bbox 233 1188 287 1233; x_wconf 90' lang='lat' dir='ltr'>res</span> <span class='ocrx_word' id='word_1_15' title='bbox 309 1170 476 1236; x_wconf 82' lang='lat' dir='ltr'>Romanas</span> <span class='ocrx_word' id='word_1_16' title='bbox 493 1171 609 1239; x_wconf 85' lang='lat' dir='ltr'>Graeco</span> <span class='ocrx_word' id='word_1_17' title='bbox 626 1170 875 1267; x_wconf 74' lang='lat' dir='ltr'>peregrinaque</span> <span class='ocrx_word' id='word_1_18' title='bbox 894 1192 1048 1241; x_wconf 87' lang='lat' dir='ltr'>sermone</span> <span class='ocrx_word' id='word_1_19' title='bbox 1070 1168 1106 1239; x_wconf 93' lang='lat' dir='ltr'>in</span> <span class='ocrx_word' id='word_1_20' title='bbox 1125 1168 1299 1239; x_wconf 84' lang='lat' dir='ltr'>historiam</span> 
     </span>
     <span class='ocr_line' id='line_1_6' title="bbox 233 1273 1300 1379; baseline 0.007 -36"><span class='ocrx_word' id='word_1_21' title='bbox 233 1273 475 1365; x_wconf 88' lang='lat' dir='ltr'>contulissent,</span> <span class='ocrx_word' id='word_1_22' title='bbox 503 1281 572 1350; x_wconf 87' lang='lat' dir='ltr'>sive</span> <span class='ocrx_word' id='word_1_23' title='bbox 598 1280 811 1351; x_wconf 80' lang='lat' dir='ltr'>aemulatione</span> <span class='ocrx_word' id='word_1_24' title='bbox 830 1281 966 1379; x_wconf 82' lang='lat' dir='ltr'>gloriae,</span> <span class='ocrx_word' id='word_1_25' title='bbox 989 1283 1058 1353; x_wconf 86' lang='lat' dir='ltr'>sive</span> <span class='ocrx_word' id='word_1_26' title='bbox 1076 1280 1237 1350; x_wconf 81' lang='lat' dir='ltr'>varietate</span> <span class='ocrx_word' id='word_1_27' title='bbox 1264 1294 1300 1351; x_wconf 89' lang='lat' dir='ltr'>et</span> 
     </span>
     <span class='ocr_line' id='line_1_7' title="bbox 234 1388 1298 1487; baseline 0.005 -33"><span class='ocrx_word' id='word_1_28' title='bbox 234 1388 383 1457; x_wconf 88' lang='lat' dir='ltr'>novitate</span> <span class='ocrx_word' id='word_1_29' title='bbox 397 1392 508 1485; x_wconf 91' lang='lat' dir='ltr'>operis</span> <span class='ocrx_word' id='word_1_30' title='bbox 525 1391 730 1479; x_wconf 83' lang='lat' dir='ltr'>delectatus,</span> <span class='ocrx_word' id='word_1_31' title='bbox 746 1394 798 1462; x_wconf 91' lang='lat' dir='ltr'>vir</span> <span class='ocrx_word' id='word_1_32' title='bbox 814 1394 932 1487; x_wconf 82' lang='lat' dir='ltr'>priscae</span> <span class='ocrx_word' id='word_1_33' title='bbox 950 1391 1148 1487; x_wconf 84' lang='lat' dir='ltr'>eloquentiae</span> <span class='ocrx_word' id='word_1_34' title='bbox 1166 1394 1298 1485; x_wconf 79' lang='lat' dir='ltr'>Trogus</span> 
     </span>
     <span class='ocr_line' id='line_1_8' title="bbox 232 1502 1299 1597; baseline 0.003 -31"><span class='ocrx_word' id='word_1_35' title='bbox 232 1502 440 1597; x_wconf 79' lang='lat' dir='ltr'>Pompeius,</span> <span class='ocrx_word' id='word_1_36' title='bbox 461 1506 593 1572; x_wconf 75' lang='lat' dir='ltr'>Graecas</span> <span class='ocrx_word' id='word_1_37' title='bbox 616 1518 651 1572; x_wconf 82' lang='lat' dir='ltr'>et</span> <span class='ocrx_word' id='word_1_38' title='bbox 673 1504 777 1574; x_wconf 91' lang='lat' dir='ltr'>totius</span> <span class='ocrx_word' id='word_1_39' title='bbox 794 1504 884 1574; x_wconf 93' lang='lat' dir='ltr'>orbis</span> <span class='ocrx_word' id='word_1_40' title='bbox 907 1502 1064 1573; x_wconf 85' lang='lat' dir='ltr'>historias</span> <span class='ocrx_word' id='word_1_41' title='bbox 1086 1502 1204 1571; x_wconf 87' lang='lat' dir='ltr'>Latino</span> <span class='ocrx_word' id='word_1_42' title='bbox 1228 1524 1299 1569; x_wconf 87' lang='lat' dir='ltr'>ser-</span> 
     </span>
     <span class='ocr_line' id='line_1_9' title="bbox 232 1614 1298 1707; baseline 0 -29"><span class='ocrx_word' id='word_1_43' title='bbox 232 1634 334 1679; x_wconf 88' lang='lat' dir='ltr'>mone</span> <span class='ocrx_word' id='word_1_44' title='bbox 346 1614 559 1707; x_wconf 88' lang='lat' dir='ltr'>composuit,</span> <span class='ocrx_word' id='word_1_45' title='bbox 572 1629 629 1699; x_wconf 88' lang='lat' dir='ltr'>ut,</span> <span class='ocrx_word' id='word_1_46' title='bbox 641 1639 749 1707; x_wconf 94' lang='lat' dir='ltr'>quum</span> <span class='ocrx_word' id='word_1_47' title='bbox 761 1629 876 1684; x_wconf 90' lang='lat' dir='ltr'>nostra</span> <span class='ocrx_word' id='word_1_48' title='bbox 888 1616 1021 1699; x_wconf 84' lang='lat' dir='ltr'>Graece,</span> <span class='ocrx_word' id='word_1_49' title='bbox 1035 1617 1150 1684; x_wconf 81' lang='lat' dir='ltr'>Graeca</span> <span class='ocrx_word' id='word_1_50' title='bbox 1162 1634 1298 1706; x_wconf 90' lang='lat' dir='ltr'>quoque</span> 
     </span>
     <span class='ocr_line' id='line_1_10' title="bbox 233 1720 1298 1819; baseline -0.002 -30"><span class='ocrx_word' id='word_1_51' title='bbox 233 1736 347 1791; x_wconf 88' lang='lat' dir='ltr'>nostra</span> <span class='ocrx_word' id='word_1_52' title='bbox 365 1722 480 1819; x_wconf 86' lang='lat' dir='ltr'>lingua</span> <span class='ocrx_word' id='word_1_53' title='bbox 503 1723 568 1819; x_wconf 81' lang='lat' dir='ltr'>legi</span> <span class='ocrx_word' id='word_1_54' title='bbox 587 1740 742 1818; x_wconf 86' lang='lat' dir='ltr'>possent,</span> <span class='ocrx_word' id='word_1_55' title='bbox 763 1748 901 1819; x_wconf 86' lang='lat' dir='ltr'>prorsus</span> <span class='ocrx_word' id='word_1_56' title='bbox 919 1747 991 1792; x_wconf 90' lang='lat' dir='ltr'>rem</span> <span class='ocrx_word' id='word_1_57' title='bbox 1015 1723 1128 1817; x_wconf 84' lang='lat' dir='ltr'>magni</span> <span class='ocrx_word' id='word_1_58' title='bbox 1145 1736 1180 1790; x_wconf 88' lang='lat' dir='ltr'>et</span> <span class='ocrx_word' id='word_1_59' title='bbox 1196 1720 1298 1789; x_wconf 88' lang='lat' dir='ltr'>animi</span> 
     </span>
    </p>
   </div>
   <div class='ocr_carea' id='block_1_5' title="bbox 174 1894 1320 4248">
    <p class='ocr_par' dir='ltr' id='par_1_5' title="bbox 174 1894 1320 4248">
     <span class='ocr_line' id='line_1_11' title="bbox 270 1894 1298 1969; baseline -0.005 -19"><span class='ocrx_word' id='word_1_60' title='bbox 270 1915 295 1950; x_wconf 87' lang='lat'>1.</span> <span class='ocrx_word' id='word_1_61' title='bbox 303 1898 403 1950; x_wconf 70' lang='lat' dir='ltr'>Malu...</span> <span class='ocrx_word' id='word_1_62' title='bbox 413 1900 470 1950; x_wconf 78' lang='lat' dir='ltr'>siri.</span> <span class='ocrx_word' id='word_1_63' title='bbox 480 1900 513 1951; x_wconf 89' lang='lat' dir='ltr'>In</span> <span class='ocrx_word' id='word_1_64' title='bbox 522 1898 565 1951; x_wconf 89' lang='lat' dir='ltr'>his</span> <span class='ocrx_word' id='word_1_65' title='bbox 575 1900 608 1950; x_wconf 84' lang='grc' dir='ltr'>Δ.</span> <span class='ocrx_word' id='word_1_66' title='bbox 619 1898 745 1964; x_wconf 73' lang='lat' dir='ltr'>Albinus,</span> <span class='ocrx_word' id='word_1_67' title='bbox 786 1897 964 1969; x_wconf 68' lang='lat' dir='ltr'>magniam&#39;mr&#39;,</span> <span class='ocrx_word' id='word_1_68' title='bbox 973 1894 1298 1969; x_wconf 71' lang='lat' dir='ltr'>quusigniflcatmagnum</span> 
     </span>
     <span class='ocr_line' id='line_1_12' title="bbox 233 1975 1299 2050; baseline -0.002 -23"><span class='ocrx_word' id='word_1_69' title='bbox 233 1992 304 2027; x_wconf 77' lang='lat' dir='ltr'>cons</span> <span class='ocrx_word' id='word_1_70' title='bbox 319 1980 351 2027; x_wconf 82' lang='lat' dir='ltr'>A.</span> <span class='ocrx_word' id='word_1_71' title='bbox 363 1976 400 2029; x_wconf 89' lang='lat' dir='ltr'>U.</span> <span class='ocrx_word' id='word_1_72' title='bbox 413 1980 477 2043; x_wconf 69' lang='grc' dir='ltr'>θοι,</span> <span class='ocrx_word' id='word_1_73' title='bbox 490 1976 525 2029; x_wconf 89' lang='lat' dir='ltr'>de</span> <span class='ocrx_word' id='word_1_74' title='bbox 537 1997 591 2050; x_wconf 91' lang='lat' dir='ltr'>quo</span> <span class='ocrx_word' id='word_1_75' title='bbox 603 1977 680 2050; x_wconf 88' lang='lat' dir='ltr'>plura</span> <span class='ocrx_word' id='word_1_76' title='bbox 690 1975 747 2030; x_wconf 87' lang='lat' dir='ltr'>dixi</span> <span class='ocrx_word' id='word_1_77' title='bbox 787 1978 870 2049; x_wconf 90' lang='lat' dir='ltr'>ipsius</span> <span class='ocrx_word' id='word_1_78' title='bbox 883 1977 1014 2039; x_wconf 84' lang='lat' dir='ltr'>animum,</span> <span class='ocrx_word' id='word_1_79' title='bbox 1026 1988 1052 2027; x_wconf 83' lang='lat' dir='ltr'>et</span> <span class='ocrx_word' id='word_1_80' title='bbox 1063 1977 1180 2046; x_wconf 81' lang='lat' dir='ltr'>corporis,</span> <span class='ocrx_word' id='word_1_81' title='bbox 1190 1992 1249 2045; x_wconf 73' lang='lat' dir='ltr'>qun</span> <span class='ocrx_word' id='word_1_82' title='bbox 1259 1990 1299 2025; x_wconf 89' lang='lat' dir='ltr'>os·</span> 
     </span>
     <span class='ocr_line' id='line_1_13' title="bbox 174 2050 1299 2127; baseline -0.002 -23"><span class='ocrx_word' id='word_1_83' title='bbox 174 2062 179 2068; x_wconf 86' lang='grc'><em>“</em></span> <span class='ocrx_word' id='word_1_84' title='bbox 233 2050 268 2105; x_wconf 80' lang='lat' dir='ltr'>ad</span> <span class='ocrx_word' id='word_1_85' title='bbox 283 2052 339 2105; x_wconf 88' lang='lat' dir='ltr'>Cic.</span> <span class='ocrx_word' id='word_1_86' title='bbox 352 2054 425 2107; x_wconf 86' lang='lat' dir='ltr'>Brut.</span> <span class='ocrx_word' id='word_1_87' title='bbox 442 2054 525 2120; x_wconf 82' lang='lat' dir='ltr'><strong>XXI,</strong></span> <span class='ocrx_word' id='word_1_88' title='bbox 540 2074 570 2122; x_wconf 77' lang='lat'>²3</span> <span class='ocrx_word' id='word_1_89' title='bbox 583 2058 614 2109; x_wconf 84' lang='lat' dir='ltr'>L.</span> <span class='ocrx_word' id='word_1_90' title='bbox 626 2056 747 2123; x_wconf 80' lang='lat' dir='ltr'>Cincius,</span> <span class='ocrx_word' id='word_1_91' title='bbox 788 2055 892 2121; x_wconf 85' lang='lat' dir='ltr'>tendit,</span> <span class='ocrx_word' id='word_1_92' title='bbox 910 2074 1007 2127; x_wconf 87' lang='lat' dir='ltr'>corpus</span> <span class='ocrx_word' id='word_1_93' title='bbox 1027 2072 1134 2126; x_wconf 84' lang='lat' dir='ltr'>quoque</span> <span class='ocrx_word' id='word_1_94' title='bbox 1154 2069 1202 2125; x_wconf 90' lang='lat' dir='ltr'>par</span> <span class='ocrx_word' id='word_1_95' title='bbox 1220 2051 1299 2103; x_wconf 85' lang='lat' dir='ltr'>luisse</span> 
     </span>
     <span class='ocr_line' id='line_1_14' title="bbox 233 2130 1298 2207; baseline -0.003 -24"><span class='ocrx_word' id='word_1_96' title='bbox 233 2130 269 2183; x_wconf 80' lang='lat' dir='ltr'>sle</span> <span class='ocrx_word' id='word_1_97' title='bbox 280 2152 335 2203; x_wconf 88' lang='lat' dir='ltr'>quo</span> <span class='ocrx_word' id='word_1_98' title='bbox 349 2133 461 2207; x_wconf 88' lang='lat' dir='ltr'>Dionys.</span> <span class='ocrx_word' id='word_1_99' title='bbox 475 2135 559 2188; x_wconf 83' lang='lat' dir='ltr'>Halic.</span> <span class='ocrx_word' id='word_1_100' title='bbox 574 2135 603 2201; x_wconf 87' lang='lat'>1,</span> <span class='ocrx_word' id='word_1_101' title='bbox 615 2139 646 2201; x_wconf 76' lang='lat'>63</span> <span class='ocrx_word' id='word_1_102' title='bbox 657 2136 689 2189; x_wconf 90' lang='lat' dir='ltr'>C.</span> <span class='ocrx_word' id='word_1_103' title='bbox 699 2135 746 2187; x_wconf 85' lang='lat' dir='ltr'>Ju-</span> <span class='ocrx_word' id='word_1_104' title='bbox 787 2134 852 2188; x_wconf 87' lang='lat' dir='ltr'>huie</span> <span class='ocrx_word' id='word_1_105' title='bbox 869 2136 944 2188; x_wconf 83' lang='lat' dir='ltr'>oneri</span> <span class='ocrx_word' id='word_1_106' title='bbox 965 2130 1090 2195; x_wconf 85' lang='lat' dir='ltr'>serendo,</span> <span class='ocrx_word' id='word_1_107' title='bbox 1111 2144 1151 2185; x_wconf 88' lang='lat' dir='ltr'>tot</span> <span class='ocrx_word' id='word_1_108' title='bbox 1168 2130 1298 2201; x_wconf 87' lang='lat' dir='ltr'>tantisque</span> 
     </span>
     <span class='ocr_line' id='line_1_15' title="bbox 231 2208 1299 2287; baseline -0.004 -25"><span class='ocrx_word' id='word_1_109' title='bbox 231 2208 285 2263; x_wconf 89' lang='lat' dir='ltr'>lius</span> <span class='ocrx_word' id='word_1_110' title='bbox 297 2224 414 2277; x_wconf 78' lang='lat' dir='ltr'>senator,</span> <span class='ocrx_word' id='word_1_111' title='bbox 424 2212 459 2265; x_wconf 83' lang='lat' dir='ltr'>sle</span> <span class='ocrx_word' id='word_1_112' title='bbox 470 2233 525 2287; x_wconf 92' lang='lat' dir='ltr'>quo</span> <span class='ocrx_word' id='word_1_113' title='bbox 535 2214 595 2268; x_wconf 83' lang='lat' dir='ltr'>Liv.</span> <span class='ocrx_word' id='word_1_114' title='bbox 609 2215 679 2286; x_wconf 85' lang='lat' dir='ltr'>Epit.</span> <span class='ocrx_word' id='word_1_115' title='bbox 693 2215 745 2280; x_wconf 77' lang='lat'>53;</span> <span class='ocrx_word' id='word_1_116' title='bbox 786 2214 967 2267; x_wconf 78' lang='lat' dir='ltr'>voluminibus</span> <span class='ocrx_word' id='word_1_117' title='bbox 974 2208 1154 2285; x_wconf 85' lang='lat' dir='ltr'>excerpendis.</span> <span class='ocrx_word' id='word_1_118' title='bbox 1162 2208 1299 2279; x_wconf 74' lang='lat' dir='ltr'>llicigitur</span> 
     </span>
     <span class='ocr_line' id='line_1_16' title="bbox 232 2285 1298 2365; baseline -0.004 -24"><span class='ocrx_word' id='word_1_119' title='bbox 232 2290 265 2341; x_wconf 83' lang='lat' dir='ltr'>L.</span> <span class='ocrx_word' id='word_1_120' title='bbox 279 2290 418 2355; x_wconf 81' lang='lat' dir='ltr'>Lucullus,</span> <span class='ocrx_word' id='word_1_121' title='bbox 433 2311 506 2345; x_wconf 90' lang='lat' dir='ltr'>cons.</span> <span class='ocrx_word' id='word_1_122' title='bbox 525 2295 559 2349; x_wconf 81' lang='lat' dir='ltr'>h.-</span> <span class='ocrx_word' id='word_1_123' title='bbox 575 2294 609 2347; x_wconf 93' lang='lat' dir='ltr'>U.</span> <span class='ocrx_word' id='word_1_124' title='bbox 628 2296 695 2365; x_wconf 78' lang='lat'>679,</span> <span class='ocrx_word' id='word_1_125' title='bbox 710 2292 746 2347; x_wconf 85' lang='lat' dir='ltr'>de</span> <span class='ocrx_word' id='word_1_126' title='bbox 786 2311 877 2347; x_wconf 87' lang='lat' dir='ltr'>seusus</span> <span class='ocrx_word' id='word_1_127' title='bbox 900 2290 1055 2346; x_wconf 87' lang='lat' dir='ltr'>commodus</span> <span class='ocrx_word' id='word_1_128' title='bbox 1073 2308 1134 2342; x_wconf 88' lang='lat' dir='ltr'>sane</span> <span class='ocrx_word' id='word_1_129' title='bbox 1155 2306 1237 2361; x_wconf 87' lang='lat' dir='ltr'>quum</span> <span class='ocrx_word' id='word_1_130' title='bbox 1255 2285 1298 2338; x_wconf 93' lang='lat' dir='ltr'>his</span> 
     </span>
     <span class='ocr_line' id='line_1_17' title="bbox 232 2370 1299 2446; baseline -0.003 -26"><span class='ocrx_word' id='word_1_131' title='bbox 232 2370 444 2440; x_wconf 73' lang='lat' dir='ltr'>quocichcad.</span> <span class='ocrx_word' id='word_1_132' title='bbox 454 2375 494 2438; x_wconf 88' lang='lat'>11,</span> <span class='ocrx_word' id='word_1_133' title='bbox 507 2392 535 2439; x_wconf 78' lang='lat'>13</span> <span class='ocrx_word' id='word_1_134' title='bbox 546 2386 624 2446; x_wconf 88' lang='lat' dir='ltr'>atque</span> <span class='ocrx_word' id='word_1_135' title='bbox 635 2374 746 2436; x_wconf 80' lang='lat' dir='ltr'>Cicero,</span> <span class='ocrx_word' id='word_1_136' title='bbox 786 2372 874 2427; x_wconf 79' lang='lat' dir='ltr'>verbis</span> <span class='ocrx_word' id='word_1_137' title='bbox 890 2372 966 2437; x_wconf 77' lang='lat' dir='ltr'>insit,</span> <span class='ocrx_word' id='word_1_138' title='bbox 984 2389 1115 2444; x_wconf 77' lang='lat' dir='ltr'>corpusque</span> <span class='ocrx_word' id='word_1_139' title='bbox 1132 2370 1212 2419; x_wconf 70' lang='lat' dir='ltr'>arbua</span> <span class='ocrx_word' id='word_1_140' title='bbox 1228 2376 1299 2419; x_wconf 85' lang='lat' dir='ltr'>reete</span> 
     </span>
     <span class='ocr_line' id='line_1_18' title="bbox 232 2442 1299 2522; baseline -0.007 -20"><span class='ocrx_word' id='word_1_141' title='bbox 232 2448 280 2519; x_wconf 85' lang='lat' dir='ltr'>qui</span> <span class='ocrx_word' id='word_1_142' title='bbox 298 2452 518 2504; x_wconf 83' lang='lat' dir='ltr'>commentarium</span> <span class='ocrx_word' id='word_1_143' title='bbox 537 2454 687 2506; x_wconf 87' lang='lat' dir='ltr'>consulatus</span> <span class='ocrx_word' id='word_1_144' title='bbox 704 2451 747 2505; x_wconf 88' lang='lat' dir='ltr'>sui</span> <span class='ocrx_word' id='word_1_145' title='bbox 787 2442 1299 2522; x_wconf 74' lang='lat' dir='ltr'>oppouausrfflerculeapraetereaauda-</span> 
     </span>
     <span class='ocr_line' id='line_1_19' title="bbox 233 2520 1299 2602; baseline -0.008 -23"><span class='ocrx_word' id='word_1_146' title='bbox 233 2530 276 2595; x_wconf 78' lang='lat' dir='ltr'>(A.</span> <span class='ocrx_word' id='word_1_147' title='bbox 294 2529 330 2581; x_wconf 89' lang='lat' dir='ltr'>U.</span> <span class='ocrx_word' id='word_1_148' title='bbox 344 2532 407 2599; x_wconf 83' lang='lat'><strong>690)</strong></span> <span class='ocrx_word' id='word_1_149' title='bbox 420 2550 503 2601; x_wconf 71' lang='lat' dir='ltr'>grues</span> <span class='ocrx_word' id='word_1_150' title='bbox 520 2532 697 2602; x_wconf 82' lang='lat' dir='ltr'>compositum</span> <span class='ocrx_word' id='word_1_151' title='bbox 711 2530 746 2583; x_wconf 81' lang='lat' dir='ltr'>ad</span> <span class='ocrx_word' id='word_1_152' title='bbox 787 2528 827 2580; x_wconf 87' lang='lat' dir='ltr'>cia</span> <span class='ocrx_word' id='word_1_153' title='bbox 840 2528 999 2583; x_wconf 84' lang='lat' dir='ltr'>succreverit</span> <span class='ocrx_word' id='word_1_154' title='bbox 1013 2546 1046 2579; x_wconf 88' lang='lat' dir='ltr'>ex</span> <span class='ocrx_word' id='word_1_155' title='bbox 1063 2524 1160 2595; x_wconf 82' lang='lat' dir='ltr'>insigni</span> <span class='ocrx_word' id='word_1_156' title='bbox 1179 2520 1299 2592; x_wconf 79' lang='lat' dir='ltr'>corporis</span> 
     </span>
     <span class='ocr_line' id='line_1_20' title="bbox 232 2599 1298 2678; baseline -0.007 -22"><span class='ocrx_word' id='word_1_157' title='bbox 232 2605 350 2657; x_wconf 76' lang='lat' dir='ltr'>Atticrsm</span> <span class='ocrx_word' id='word_1_158' title='bbox 357 2626 433 2658; x_wconf 87' lang='lat' dir='ltr'>suum</span> <span class='ocrx_word' id='word_1_159' title='bbox 443 2607 513 2660; x_wconf 90' lang='lat' dir='ltr'>misit</span> <span class='ocrx_word' id='word_1_160' title='bbox 521 2626 564 2659; x_wconf 90' lang='lat' dir='ltr'>su.</span> <span class='ocrx_word' id='word_1_161' title='bbox 574 2610 640 2674; x_wconf 78' lang='lat'><strong>693,</strong></span> <span class='ocrx_word' id='word_1_162' title='bbox 650 2620 680 2660; x_wconf 79' lang='lat' dir='ltr'>st</span> <span class='ocrx_word' id='word_1_163' title='bbox 688 2607 745 2678; x_wconf 85' lang='lat' dir='ltr'>ipse</span> <span class='ocrx_word' id='word_1_164' title='bbox 786 2605 896 2669; x_wconf 86' lang='lat' dir='ltr'>robore,</span> <span class='ocrx_word' id='word_1_165' title='bbox 911 2623 966 2657; x_wconf 88' lang='lat' dir='ltr'>non</span> <span class='ocrx_word' id='word_1_166' title='bbox 983 2603 1076 2667; x_wconf 86' lang='lat' dir='ltr'>video,</span> <span class='ocrx_word' id='word_1_167' title='bbox 1093 2620 1141 2653; x_wconf 91' lang='lat' dir='ltr'>cur</span> <span class='ocrx_word' id='word_1_168' title='bbox 1157 2599 1298 2653; x_wconf 83' lang='lat' dir='ltr'>lectionem</span> 
     </span>
     <span class='ocr_line' id='line_1_21' title="bbox 232 2674 1297 2753; baseline -0.004 -20"><span class='ocrx_word' id='word_1_169' title='bbox 232 2682 324 2734; x_wconf 84' lang='lat' dir='ltr'>scribit</span> <span class='ocrx_word' id='word_1_170' title='bbox 338 2682 371 2735; x_wconf 89' lang='lat' dir='ltr'>ad</span> <span class='ocrx_word' id='word_1_171' title='bbox 388 2687 441 2737; x_wconf 77' lang='lat' dir='ltr'>Au.</span> <span class='ocrx_word' id='word_1_172' title='bbox 458 2683 588 2751; x_wconf 80' lang='lat' dir='ltr'>I,19.--</span> <span class='ocrx_word' id='word_1_173' title='bbox 599 2684 743 2753; x_wconf 73' lang='lat' dir='ltr'>Peregrino-</span> <span class='ocrx_word' id='word_1_174' title='bbox 786 2682 887 2751; x_wconf 82' lang='lat' dir='ltr'>aliquot</span> <span class='ocrx_word' id='word_1_175' title='bbox 902 2684 978 2735; x_wconf 84' lang='lat' dir='ltr'>MSS.</span> <span class='ocrx_word' id='word_1_176' title='bbox 994 2694 1020 2733; x_wconf 82' lang='lat' dir='ltr'>et</span> <span class='ocrx_word' id='word_1_177' title='bbox 1032 2678 1093 2732; x_wconf 83' lang='lat' dir='ltr'>edd.</span> <span class='ocrx_word' id='word_1_178' title='bbox 1108 2680 1183 2732; x_wconf 86' lang='lat' dir='ltr'>Juut.</span> <span class='ocrx_word' id='word_1_179' title='bbox 1197 2688 1223 2729; x_wconf 82' lang='lat' dir='ltr'>et</span> <span class='ocrx_word' id='word_1_180' title='bbox 1234 2674 1297 2729; x_wconf 78' lang='lat' dir='ltr'>ald.</span> 
     </span>
     <span class='ocr_line' id='line_1_22' title="bbox 232 2755 1298 2832; baseline -0.007 -20"><span class='ocrx_word' id='word_1_181' title='bbox 232 2778 287 2831; x_wconf 81' lang='lat' dir='ltr'>que.</span> <span class='ocrx_word' id='word_1_182' title='bbox 300 2760 373 2831; x_wconf 68' lang='lat' dir='ltr'>Ergo</span> <span class='ocrx_word' id='word_1_183' title='bbox 383 2762 541 2832; x_wconf 79' lang='lat' dir='ltr'>peregrino,</span> <span class='ocrx_word' id='word_1_184' title='bbox 549 2780 605 2814; x_wconf 88' lang='lat' dir='ltr'>nou</span> <span class='ocrx_word' id='word_1_185' title='bbox 615 2765 744 2815; x_wconf 79' lang='lat' dir='ltr'>Romano.</span> <span class='ocrx_word' id='word_1_186' title='bbox 786 2761 875 2829; x_wconf 70' lang='lat' dir='ltr'>operis,</span> <span class='ocrx_word' id='word_1_187' title='bbox 885 2770 974 2830; x_wconf 67' lang='lat' dir='ltr'>quaet</span> <span class='ocrx_word' id='word_1_188' title='bbox 984 2757 1123 2811; x_wconf 85' lang='lat' dir='ltr'>Gronovio</span> <span class='ocrx_word' id='word_1_189' title='bbox 1130 2774 1180 2809; x_wconf 87' lang='lat' dir='ltr'>avo</span> <span class='ocrx_word' id='word_1_190' title='bbox 1188 2755 1215 2806; x_wconf 95' lang='lat' dir='ltr'>in</span> <span class='ocrx_word' id='word_1_191' title='bbox 1226 2772 1298 2806; x_wconf 88' lang='lat' dir='ltr'>rnen-</span> 
     </span>
     <span class='ocr_line' id='line_1_23' title="bbox 231 2834 1298 2911; baseline -0.005 -21"><span class='ocrx_word' id='word_1_192' title='bbox 231 2840 745 2911; x_wconf 63' lang='lat' dir='ltr'>-AEmuloar&#39;osseglorlmsuppleexsaq</span> <span class='ocrx_word' id='word_1_193' title='bbox 787 2846 840 2887; x_wconf 87' lang='lat' dir='ltr'>tem</span> <span class='ocrx_word' id='word_1_194' title='bbox 861 2848 990 2901; x_wconf 80' lang='lat' dir='ltr'>venerat,</span> <span class='ocrx_word' id='word_1_195' title='bbox 1009 2836 1150 2899; x_wconf 79' lang='lat' dir='ltr'>vorstius,</span> <span class='ocrx_word' id='word_1_196' title='bbox 1169 2834 1253 2887; x_wconf 85' lang='lat' dir='ltr'>Faber</span> <span class='ocrx_word' id='word_1_197' title='bbox 1271 2845 1298 2886; x_wconf 85' lang='lat' dir='ltr'>et</span> 
     </span>
     <span class='ocr_line' id='line_1_24' title="bbox 232 2914 1298 2987; baseline -0.004 -20"><span class='ocrx_word' id='word_1_198' title='bbox 232 2915 372 2979; x_wconf 67' lang='lat' dir='ltr'>delectatas,</span> <span class='ocrx_word' id='word_1_199' title='bbox 380 2915 464 2969; x_wconf 81' lang='lat' dir='ltr'>simile</span> <span class='ocrx_word' id='word_1_200' title='bbox 472 2915 641 2987; x_wconf 84' lang='lat' dir='ltr'>participium</span> <span class='ocrx_word' id='word_1_201' title='bbox 649 2916 744 2982; x_wconf 64' lang='lat' dir='ltr'>dacus,</span> <span class='ocrx_word' id='word_1_202' title='bbox 787 2914 906 2969; x_wconf 66' lang='lat' dir='ltr'>Gravius</span> <span class='ocrx_word' id='word_1_203' title='bbox 916 2914 1086 2986; x_wconf 72' lang='lat' dir='ltr'>praetulerint.</span> <span class='ocrx_word' id='word_1_204' title='bbox 1097 2914 1184 2987; x_wconf 80' lang='lat' dir='ltr'>Atque</span> <span class='ocrx_word' id='word_1_205' title='bbox 1193 2914 1298 2968; x_wconf 85' lang='lat' dir='ltr'>Grono-</span> 
     </span>
     <span class='ocr_line' id='line_1_25' title="bbox 231 2983 1297 3066; baseline -0.006 -18"><span class='ocrx_word' id='word_1_206' title='bbox 231 2994 352 3065; x_wconf 69' lang='lat' dir='ltr'>impulsu,</span> <span class='ocrx_word' id='word_1_207' title='bbox 362 2994 418 3049; x_wconf 80' lang='lat' dir='ltr'>sive</span> <span class='ocrx_word' id='word_1_208' title='bbox 431 2994 538 3047; x_wconf 86' lang='lat' dir='ltr'>illorum</span> <span class='ocrx_word' id='word_1_209' title='bbox 546 2994 656 3065; x_wconf 76' lang='lat' dir='ltr'>gloriam</span> <span class='ocrx_word' id='word_1_210' title='bbox 667 3014 747 3050; x_wconf 69' lang='lat' dir='ltr'>semu·</span> <span class='ocrx_word' id='word_1_211' title='bbox 786 2992 845 3045; x_wconf 78' lang='lat' dir='ltr'>vius</span> <span class='ocrx_word' id='word_1_212' title='bbox 856 2992 964 3066; x_wconf 84' lang='lat' dir='ltr'>quidem</span> <span class='ocrx_word' id='word_1_213' title='bbox 976 3012 1025 3045; x_wconf 78' lang='lat' dir='ltr'>rem</span> <span class='ocrx_word' id='word_1_214' title='bbox 1036 2995 1120 3064; x_wconf 73' lang='lat' dir='ltr'>magns*</span> <span class='ocrx_word' id='word_1_215' title='bbox 1130 2996 1206 3065; x_wconf 77' lang='lat' dir='ltr'>operis</span> <span class='ocrx_word' id='word_1_216' title='bbox 1216 2983 1297 3063; x_wconf 78' lang='lat' dir='ltr'>eirpli-</span> 
     </span>
     <span class='ocr_line' id='line_1_26' title="bbox 230 3072 1297 3147; baseline -0.004 -20"><span class='ocrx_word' id='word_1_217' title='bbox 230 3074 309 3127; x_wconf 88' lang='lat' dir='ltr'>latus.</span> <span class='ocrx_word' id='word_1_218' title='bbox 323 3104 357 3115; x_wconf 90' lang='lat'>-·</span> <span class='ocrx_word' id='word_1_219' title='bbox 369 3077 503 3146; x_wconf 66' lang='lat' dir='ltr'>Pompeias.</span> <span class='ocrx_word' id='word_1_220' title='bbox 519 3076 559 3127; x_wconf 86' lang='lat' dir='ltr'>De</span> <span class='ocrx_word' id='word_1_221' title='bbox 571 3092 626 3145; x_wconf 89' lang='lat' dir='ltr'>quo</span> <span class='ocrx_word' id='word_1_222' title='bbox 642 3076 744 3147; x_wconf 70' lang='lat' dir='ltr'>proleg.</span> <span class='ocrx_word' id='word_1_223' title='bbox 787 3084 909 3138; x_wconf 85' lang='lat' dir='ltr'>catreru,</span> <span class='ocrx_word' id='word_1_224' title='bbox 922 3092 981 3145; x_wconf 73' lang='lat' dir='ltr'>qua</span> <span class='ocrx_word' id='word_1_225' title='bbox 993 3073 1067 3127; x_wconf 79' lang='lat' dir='ltr'>vario</span> <span class='ocrx_word' id='word_1_226' title='bbox 1078 3085 1104 3125; x_wconf 89' lang='lat' dir='ltr'>et</span> <span class='ocrx_word' id='word_1_227' title='bbox 1115 3072 1199 3125; x_wconf 80' lang='lat' dir='ltr'>mtrlto</span> <span class='ocrx_word' id='word_1_228' title='bbox 1217 3088 1297 3142; x_wconf 82' lang='lat' dir='ltr'>opere</span> 
     </span>
     <span class='ocr_line' id='line_1_27' title="bbox 233 3151 1296 3225; baseline -0.006 -18"><span class='ocrx_word' id='word_1_229' title='bbox 233 3152 300 3223; x_wconf 89' lang='lat' dir='ltr'>Cap.</span> <span class='ocrx_word' id='word_1_230' title='bbox 316 3152 341 3207; x_wconf 87' lang='lat'>1.</span> <span class='ocrx_word' id='word_1_231' title='bbox 356 3184 390 3193; x_wconf 94' lang='lat'>-</span> <span class='ocrx_word' id='word_1_232' title='bbox 403 3154 548 3225; x_wconf 74' lang='lat' dir='ltr'>Adgmsus.</span> <span class='ocrx_word' id='word_1_233' title='bbox 566 3153 625 3205; x_wconf 83' lang='lat' dir='ltr'>Hoc</span> <span class='ocrx_word' id='word_1_234' title='bbox 638 3154 745 3225; x_wconf 87' lang='lat' dir='ltr'>partici-</span> <span class='ocrx_word' id='word_1_235' title='bbox 787 3164 902 3218; x_wconf 85' lang='lat' dir='ltr'>constat;</span> <span class='ocrx_word' id='word_1_236' title='bbox 914 3172 982 3225; x_wconf 88' lang='lat' dir='ltr'>opus</span> <span class='ocrx_word' id='word_1_237' title='bbox 992 3166 1079 3207; x_wconf 86' lang='lat' dir='ltr'>autern</span> <span class='ocrx_word' id='word_1_238' title='bbox 1090 3151 1217 3213; x_wconf 68' lang='lat' dir='ltr'>narrent,</span> <span class='ocrx_word' id='word_1_239' title='bbox 1233 3157 1296 3211; x_wconf 70' lang='lat' dir='ltr'>llam·</span> 
     </span>
     <span class='ocr_line' id='line_1_28' title="bbox 232 3231 1297 3304; baseline -0.002 -21"><span class='ocrx_word' id='word_1_240' title='bbox 232 3232 308 3303; x_wconf 88' lang='lat' dir='ltr'>pium</span> <span class='ocrx_word' id='word_1_241' title='bbox 321 3231 436 3285; x_wconf 74' lang='lat' dir='ltr'>coburet</span> <span class='ocrx_word' id='word_1_242' title='bbox 448 3250 509 3284; x_wconf 88' lang='lat' dir='ltr'>cusu</span> <span class='ocrx_word' id='word_1_243' title='bbox 524 3250 601 3304; x_wconf 61' lang='lat' dir='ltr'>proc</span> <span class='ocrx_word' id='word_1_244' title='bbox 615 3237 747 3304; x_wconf 79' lang='lat' dir='ltr'>composuit</span> <span class='ocrx_word' id='word_1_245' title='bbox 787 3232 846 3285; x_wconf 91' lang='lat' dir='ltr'>coll.</span> <span class='ocrx_word' id='word_1_246' title='bbox 863 3233 973 3286; x_wconf 85' lang='lat' dir='ltr'>Sueton.</span> <span class='ocrx_word' id='word_1_247' title='bbox 990 3232 1018 3285; x_wconf 90' lang='lat' dir='ltr'>in</span> <span class='ocrx_word' id='word_1_248' title='bbox 1028 3232 1093 3285; x_wconf 76' lang='lat' dir='ltr'>Caes.</span> <span class='ocrx_word' id='word_1_249' title='bbox 1110 3233 1157 3295; x_wconf 76' lang='lat'>28,</span> <span class='ocrx_word' id='word_1_250' title='bbox 1168 3235 1235 3299; x_wconf 80' lang='lat' dir='ltr'>Aug.</span> <span class='ocrx_word' id='word_1_251' title='bbox 1249 3246 1282 3296; x_wconf 82' lang='lat'>²9</span> <span class='ocrx_word' id='word_1_252' title='bbox 1288 3264 1297 3291; x_wconf 89' lang='lat'><em>,</em></span> 
     </span>
     <span class='ocr_line' id='line_1_29' title="bbox 233 3308 1297 3385; baseline -0.006 -23"><span class='ocrx_word' id='word_1_253' title='bbox 233 3311 270 3364; x_wconf 88' lang='lat' dir='ltr'>ita</span> <span class='ocrx_word' id='word_1_254' title='bbox 282 3329 290 3364; x_wconf 89' lang='lat'>:</span> <span class='ocrx_word' id='word_1_255' title='bbox 302 3312 451 3385; x_wconf 88' lang='lat' dir='ltr'>composuit</span> <span class='ocrx_word' id='word_1_256' title='bbox 464 3311 601 3376; x_wconf 84' lang='lat' dir='ltr'>historias,</span> <span class='ocrx_word' id='word_1_257' title='bbox 613 3312 686 3365; x_wconf 83' lang='lat' dir='ltr'>etita</span> <span class='ocrx_word' id='word_1_258' title='bbox 699 3312 745 3366; x_wconf 84' lang='lat' dir='ltr'>ad·</span> <span class='ocrx_word' id='word_1_259' title='bbox 786 3308 847 3362; x_wconf 87' lang='lat' dir='ltr'>Tib.</span> <span class='ocrx_word' id='word_1_260' title='bbox 867 3316 913 3381; x_wconf 72' lang='grc'>47,</span> <span class='ocrx_word' id='word_1_261' title='bbox 926 3329 997 3383; x_wconf 85' lang='lat' dir='ltr'>spec</span> <span class='ocrx_word' id='word_1_262' title='bbox 1019 3309 1176 3378; x_wconf 67' lang='lat' dir='ltr'>Kriegslaue,</span> <span class='ocrx_word' id='word_1_263' title='bbox 1195 3308 1297 3375; x_wconf 68' lang='lat' dir='ltr'>Balaga-</span> 
     </span>
     <span class='ocr_line' id='line_1_30' title="bbox 234 3384 1297 3465; baseline -0.008 -20"><span class='ocrx_word' id='word_1_264' title='bbox 234 3404 386 3461; x_wconf 75' lang='lat' dir='ltr'>gressusest</span> <span class='ocrx_word' id='word_1_265' title='bbox 395 3410 460 3445; x_wconf 70' lang='lat' dir='ltr'>mm.</span> <span class='ocrx_word' id='word_1_266' title='bbox 472 3391 586 3445; x_wconf 87' lang='lat' dir='ltr'>Distinxi</span> <span class='ocrx_word' id='word_1_267' title='bbox 600 3391 745 3465; x_wconf 76' lang='lat' dir='ltr'>igiturpos·</span> <span class='ocrx_word' id='word_1_268' title='bbox 787 3389 952 3458; x_wconf 72' lang='lat' dir='ltr'>nmgssverl05</span> <span class='ocrx_word' id='word_1_269' title='bbox 965 3388 1025 3441; x_wconf 91' lang='lat' dir='ltr'>coll.</span> <span class='ocrx_word' id='word_1_270' title='bbox 1039 3388 1104 3441; x_wconf 79' lang='lat' dir='ltr'>Cass.</span> <span class='ocrx_word' id='word_1_271' title='bbox 1114 3384 1148 3438; x_wconf 87' lang='lat' dir='ltr'>(le</span> <span class='ocrx_word' id='word_1_272' title='bbox 1156 3386 1221 3437; x_wconf 82' lang='lat' dir='ltr'>Rell.</span> <span class='ocrx_word' id='word_1_273' title='bbox 1227 3384 1297 3438; x_wconf 85' lang='lat' dir='ltr'>Gall.</span> 
     </span>
     <span class='ocr_line' id='line_1_31' title="bbox 234 3463 1299 3537; baseline -0.008 -17"><span class='ocrx_word' id='word_1_274' title='bbox 234 3482 436 3536; x_wconf 78' lang='lat' dir='ltr'>smtoornmate,</span> <span class='ocrx_word' id='word_1_275' title='bbox 448 3488 518 3536; x_wconf 82' lang='lat' dir='ltr'>non,</span> <span class='ocrx_word' id='word_1_276' title='bbox 528 3469 745 3523; x_wconf 75' lang='lat' dir='ltr'>utcaetarietlito-</span> <span class='ocrx_word' id='word_1_277' title='bbox 788 3466 862 3532; x_wconf 87' lang='lat' dir='ltr'>vlt,</span> <span class='ocrx_word' id='word_1_278' title='bbox 881 3485 930 3537; x_wconf 85' lang='lat'>70,</span> <span class='ocrx_word' id='word_1_279' title='bbox 950 3484 978 3528; x_wconf 80' lang='lat' dir='ltr'>s,</span> <span class='ocrx_word' id='word_1_280' title='bbox 991 3478 1018 3517; x_wconf 84' lang='lat' dir='ltr'>et</span> <span class='ocrx_word' id='word_1_281' title='bbox 1033 3482 1089 3536; x_wconf 89' lang='lat' dir='ltr'>cap.</span> <span class='ocrx_word' id='word_1_282' title='bbox 1103 3466 1150 3531; x_wconf 70' lang='lat'>692</span> <span class='ocrx_word' id='word_1_283' title='bbox 1169 3470 1193 3526; x_wconf 74' lang='lat' dir='ltr'>tl·</span> <span class='ocrx_word' id='word_1_284' title='bbox 1213 3463 1257 3517; x_wconf 87' lang='lat' dir='ltr'>Sic</span> <span class='ocrx_word' id='word_1_285' title='bbox 1272 3476 1299 3515; x_wconf 84' lang='lat' dir='ltr'>et</span> 
     </span>
     <span class='ocr_line' id='line_1_32' title="bbox 234 3540 1298 3620; baseline -0.006 -21"><span class='ocrx_word' id='word_1_286' title='bbox 234 3566 291 3615; x_wconf 87' lang='lat' dir='ltr'>res,</span> <span class='ocrx_word' id='word_1_287' title='bbox 310 3551 378 3602; x_wconf 89' lang='lat' dir='ltr'>colo.</span> <span class='ocrx_word' id='word_1_288' title='bbox 399 3579 434 3590; x_wconf 92' lang='lat'><em>-</em></span> <span class='ocrx_word' id='word_1_289' title='bbox 451 3551 546 3620; x_wconf 73' lang='lat' dir='ltr'>Magni.</span> <span class='ocrx_word' id='word_1_290' title='bbox 566 3549 661 3620; x_wconf 79' lang='lat' dir='ltr'>Aptius</span> <span class='ocrx_word' id='word_1_291' title='bbox 674 3548 745 3616; x_wconf 85' lang='lat' dir='ltr'>boc,</span> <span class='ocrx_word' id='word_1_292' title='bbox 787 3546 895 3599; x_wconf 83' lang='lat' dir='ltr'>Sueton.</span> <span class='ocrx_word' id='word_1_293' title='bbox 912 3543 941 3596; x_wconf 92' lang='lat' dir='ltr'>iu</span> <span class='ocrx_word' id='word_1_294' title='bbox 960 3543 1023 3596; x_wconf 77' lang='lat' dir='ltr'>Cass.</span> <span class='ocrx_word' id='word_1_295' title='bbox 1039 3542 1086 3607; x_wconf 80' lang='lat'>35,</span> <span class='ocrx_word' id='word_1_296' title='bbox 1102 3560 1129 3607; x_wconf 70' lang='grc' dir='ltr'>ι,</span> <span class='ocrx_word' id='word_1_297' title='bbox 1142 3540 1201 3595; x_wconf 83' lang='lat' dir='ltr'>Liv.</span> <span class='ocrx_word' id='word_1_298' title='bbox 1216 3540 1298 3605; x_wconf 83' lang='lat' dir='ltr'>XXI,</span> 
     </span>
     <span class='ocr_line' id='line_1_33' title="bbox 234 3622 1320 3700; baseline -0.006 -22"><span class='ocrx_word' id='word_1_299' title='bbox 234 3644 313 3696; x_wconf 87' lang='lat' dir='ltr'>quam</span> <span class='ocrx_word' id='word_1_300' title='bbox 336 3627 409 3700; x_wconf 85' lang='lat' dir='ltr'>qnod</span> <span class='ocrx_word' id='word_1_301' title='bbox 431 3629 522 3699; x_wconf 84' lang='lat' dir='ltr'>plures</span> <span class='ocrx_word' id='word_1_302' title='bbox 543 3625 606 3679; x_wconf 81' lang='lat' dir='ltr'>erld.</span> <span class='ocrx_word' id='word_1_303' title='bbox 627 3625 744 3692; x_wconf 82' lang='lat' dir='ltr'>habent,</span> <span class='ocrx_word' id='word_1_304' title='bbox 788 3624 831 3694; x_wconf 82' lang='lat'>57,</span> <span class='ocrx_word' id='word_1_305' title='bbox 845 3626 877 3689; x_wconf 85' lang='grc'>6,</span> <span class='ocrx_word' id='word_1_306' title='bbox 890 3622 1111 3675; x_wconf 75' lang='lat' dir='ltr'>ubiesttllostem</span> <span class='ocrx_word' id='word_1_307' title='bbox 1121 3624 1320 3691; x_wconf 52' lang='lat' dir='ltr'>manumet</span> 
     </span>
     <span class='ocr_line' id='line_1_34' title="bbox 234 3700 1299 3778; baseline -0.008 -21"><span class='ocrx_word' id='word_1_308' title='bbox 234 3722 353 3773; x_wconf 69' lang='lat' dir='ltr'>magnam.</span> <span class='ocrx_word' id='word_1_309' title='bbox 373 3706 541 3778; x_wconf 87' lang='lat' dir='ltr'>Quamquam</span> <span class='ocrx_word' id='word_1_310' title='bbox 553 3704 623 3758; x_wconf 83' lang='lat' dir='ltr'>enim</span> <span class='ocrx_word' id='word_1_311' title='bbox 637 3717 667 3757; x_wconf 90' lang='lat' dir='ltr'>ut</span> <span class='ocrx_word' id='word_1_312' title='bbox 682 3704 745 3758; x_wconf 88' lang='lat' dir='ltr'>alibi</span> <span class='ocrx_word' id='word_1_313' title='bbox 787 3702 851 3754; x_wconf 75' lang='lat' dir='ltr'>ribus</span> <span class='ocrx_word' id='word_1_314' title='bbox 870 3700 992 3763; x_wconf 70' lang='lat' dir='ltr'>obsidem,</span> <span class='ocrx_word' id='word_1_315' title='bbox 1011 3712 1035 3751; x_wconf 86' lang='lat' dir='ltr'>et</span> <span class='ocrx_word' id='word_1_316' title='bbox 1051 3704 1178 3774; x_wconf 78' lang='lat' dir='ltr'>empors&#39;mn</span> <span class='ocrx_word' id='word_1_317' title='bbox 1196 3702 1299 3751; x_wconf 77' lang='lat' dir='ltr'>marimo</span> 
     </span>
     <span class='ocr_line' id='line_1_35' title="bbox 234 3776 1299 3853; baseline -0.004 -22"><span class='ocrx_word' id='word_1_318' title='bbox 234 3784 277 3831; x_wconf 73' lang='grc' dir='ltr'>νῖν</span> <span class='ocrx_word' id='word_1_319' title='bbox 293 3780 392 3835; x_wconf 86' lang='lat' dir='ltr'>dicitur</span> <span class='ocrx_word' id='word_1_320' title='bbox 412 3804 528 3853; x_wconf 75' lang='lat' dir='ltr'>magam,</span> <span class='ocrx_word' id='word_1_321' title='bbox 548 3802 651 3835; x_wconf 80' lang='lat' dir='ltr'>summus</span> <span class='ocrx_word' id='word_1_322' title='bbox 672 3780 746 3836; x_wconf 87' lang='lat' dir='ltr'>(lomi</span> <span class='ocrx_word' id='word_1_323' title='bbox 787 3800 856 3853; x_wconf 76' lang='lat' dir='ltr'>opere</span> <span class='ocrx_word' id='word_1_324' title='bbox 867 3782 990 3832; x_wconf 82' lang='lat' dir='ltr'>munitam.</span> <span class='ocrx_word' id='word_1_325' title='bbox 1008 3778 1077 3831; x_wconf 89' lang='lat' dir='ltr'>Hinc</span> <span class='ocrx_word' id='word_1_326' title='bbox 1093 3791 1122 3831; x_wconf 92' lang='lat' dir='ltr'>ut</span> <span class='ocrx_word' id='word_1_327' title='bbox 1138 3779 1211 3833; x_wconf 88' lang='lat' dir='ltr'>Curt.</span> <span class='ocrx_word' id='word_1_328' title='bbox 1227 3776 1299 3843; x_wconf 86' lang='lat' dir='ltr'>Vll,</span> 
     </span>
     <span class='ocr_line' id='line_1_36' title="bbox 180 3858 1298 3933; baseline -0.002 -22"><span class='ocrx_word' id='word_1_329' title='bbox 180 3883 182 3892; x_wconf 91' lang='grc'><strong><em>·</em></strong></span> <span class='ocrx_word' id='word_1_330' title='bbox 234 3859 746 3933; x_wconf 81' lang='lat' dir='ltr'>bellique‚sicethoclocoresdicipo-</span> <span class='ocrx_word' id='word_1_331' title='bbox 790 3861 835 3925; x_wconf 76' lang='grc'>13,</span> <span class='ocrx_word' id='word_1_332' title='bbox 849 3858 932 3913; x_wconf 87' lang='lat' dir='ltr'>dicit:</span> <span class='ocrx_word' id='word_1_333' title='bbox 950 3862 1033 3929; x_wconf 68' lang='lat' dir='ltr'>nsaagns¹</span> <span class='ocrx_word' id='word_1_334' title='bbox 1049 3862 1126 3931; x_wconf 81' lang='lat' dir='ltr'>operis</span> <span class='ocrx_word' id='word_1_335' title='bbox 1145 3872 1182 3911; x_wconf 79' lang='lat' dir='ltr'>ost</span> <span class='ocrx_word' id='word_1_336' title='bbox 1198 3860 1298 3927; x_wconf 70' lang='lat' dir='ltr'>vorapi-</span> 
     </span>
     <span class='ocr_line' id='line_1_37' title="bbox 235 3938 1300 4009; baseline -0.002 -21"><span class='ocrx_word' id='word_1_337' title='bbox 235 3939 747 4007; x_wconf 74' lang='lat' dir='ltr'>testusagssasnisni3restameuhocloco</span> <span class='ocrx_word' id='word_1_338' title='bbox 787 3960 841 3991; x_wconf 82' lang='lat' dir='ltr'>nem</span> <span class='ocrx_word' id='word_1_339' title='bbox 873 3950 969 3991; x_wconf 80' lang='lat' dir='ltr'>uastum</span> <span class='ocrx_word' id='word_1_340' title='bbox 999 3939 1109 4009; x_wconf 72' lang='lat' dir='ltr'>explere,</span> <span class='ocrx_word' id='word_1_341' title='bbox 1139 3938 1176 3991; x_wconf 85' lang='lat' dir='ltr'>sic</span> <span class='ocrx_word' id='word_1_342' title='bbox 1200 3938 1300 3990; x_wconf 80' lang='lat' dir='ltr'>Plinius</span> 
     </span>
     <span class='ocr_line' id='line_1_38' title="bbox 235 4014 1301 4091; baseline -0.004 -23"><span class='ocrx_word' id='word_1_343' title='bbox 235 4034 291 4069; x_wconf 89' lang='lat' dir='ltr'>uon</span> <span class='ocrx_word' id='word_1_344' title='bbox 304 4015 360 4087; x_wconf 90' lang='lat' dir='ltr'>ipsa</span> <span class='ocrx_word' id='word_1_345' title='bbox 379 4016 496 4091; x_wconf 70' lang='lat' dir='ltr'>ostenqit</span> <span class='ocrx_word' id='word_1_346' title='bbox 516 4019 634 4071; x_wconf 88' lang='lat' dir='ltr'>animum</span> <span class='ocrx_word' id='word_1_347' title='bbox 653 4037 746 4082; x_wconf 85' lang='lat' dir='ltr'>suum,</span> <span class='ocrx_word' id='word_1_348' title='bbox 788 4017 834 4069; x_wconf 90' lang='lat' dir='ltr'>lib.</span> <span class='ocrx_word' id='word_1_349' title='bbox 845 4014 966 4082; x_wconf 81' lang='lat' dir='ltr'><strong>XXXV,</strong></span> <span class='ocrx_word' id='word_1_350' title='bbox 983 4035 1033 4081; x_wconf 87' lang='lat' dir='ltr'>ro,</span> <span class='ocrx_word' id='word_1_351' title='bbox 1047 4036 1147 4087; x_wconf 79' lang='lat' dir='ltr'>corpora</span> <span class='ocrx_word' id='word_1_352' title='bbox 1155 4020 1255 4088; x_wconf 70' lang='lat' dir='ltr'>pingere</span> <span class='ocrx_word' id='word_1_353' title='bbox 1265 4026 1301 4065; x_wconf 78' lang='lat' dir='ltr'>est</span> 
     </span>
     <span class='ocr_line' id='line_1_39' title="bbox 236 4094 1298 4167; baseline -0.006 -19"><span class='ocrx_word' id='word_1_354' title='bbox 236 4095 283 4148; x_wconf 85' lang='lat' dir='ltr'>sed</span> <span class='ocrx_word' id='word_1_355' title='bbox 295 4094 412 4148; x_wconf 83' lang='lat' dir='ltr'>animum</span> <span class='ocrx_word' id='word_1_356' title='bbox 426 4094 553 4149; x_wconf 86' lang='lat' dir='ltr'>historici.</span> <span class='ocrx_word' id='word_1_357' title='bbox 573 4098 654 4150; x_wconf 84' lang='lat' dir='ltr'>Recte</span> <span class='ocrx_word' id='word_1_358' title='bbox 666 4096 749 4167; x_wconf 74' lang='lat' dir='ltr'>igitur</span> <span class='ocrx_word' id='word_1_359' title='bbox 790 4100 873 4166; x_wconf 67' lang='lat' dir='ltr'>magni</span> <span class='ocrx_word' id='word_1_360' title='bbox 886 4098 978 4167; x_wconf 80' lang='lat' dir='ltr'>operis,</span> <span class='ocrx_word' id='word_1_361' title='bbox 1002 4106 1028 4147; x_wconf 86' lang='lat' dir='ltr'>et</span> <span class='ocrx_word' id='word_1_362' title='bbox 1042 4095 1100 4148; x_wconf 83' lang='lat' dir='ltr'>Liv.</span> <span class='ocrx_word' id='word_1_363' title='bbox 1116 4095 1188 4167; x_wconf 78' lang='lat' dir='ltr'>praef.</span> <span class='ocrx_word' id='word_1_364' title='bbox 1205 4102 1240 4158; x_wconf 63' lang='lat' dir='ltr'>A:</span> <span class='ocrx_word' id='word_1_365' title='bbox 1255 4100 1298 4145; x_wconf 75' lang='lat' dir='ltr'>[les</span> 
     </span>
     <span class='ocr_line' id='line_1_40' title="bbox 237 4170 1299 4248; baseline -0.001 -22"><span class='ocrx_word' id='word_1_366' title='bbox 237 4172 290 4227; x_wconf 77' lang='lat' dir='ltr'>(liri</span> <span class='ocrx_word' id='word_1_367' title='bbox 308 4185 396 4248; x_wconf 77' lang='lat' dir='ltr'>potest</span> <span class='ocrx_word' id='word_1_368' title='bbox 410 4174 526 4246; x_wconf 81' lang='lat' dir='ltr'>scriptor</span> <span class='ocrx_word' id='word_1_369' title='bbox 539 4174 678 4248; x_wconf 72' lang='lat' dir='ltr'>adgressus</span> <span class='ocrx_word' id='word_1_370' title='bbox 691 4194 747 4230; x_wconf 83' lang='lat' dir='ltr'>reus</span> <span class='ocrx_word' id='word_1_371' title='bbox 789 4186 825 4228; x_wconf 80' lang='lat' dir='ltr'>est</span> <span class='ocrx_word' id='word_1_372' title='bbox 834 4176 941 4227; x_wconf 68' lang='lat' dir='ltr'>hamensi</span> <span class='ocrx_word' id='word_1_373' title='bbox 950 4176 1026 4245; x_wconf 71' lang='lat' dir='ltr'>quris</span> <span class='ocrx_word' id='word_1_374' title='bbox 1038 4170 1132 4227; x_wconf 81' lang='lat' dir='ltr'>eodem</span> <span class='ocrx_word' id='word_1_375' title='bbox 1144 4175 1235 4246; x_wconf 84' lang='lat' dir='ltr'>plana,</span> <span class='ocrx_word' id='word_1_376' title='bbox 1247 4190 1299 4245; x_wconf 86' lang='lat' dir='ltr'>quo</span> 
     </span>
    </p>
   </div>
   <div class='ocr_carea' id='block_1_6' title="bbox 0 0 1491 4684">
    <p class='ocr_par' dir='ltr' id='par_1_6' title="bbox 0 0 1491 4684">
     <span class='ocr_line' id='line_1_41' title="bbox 0 0 1491 4684; baseline 0 0"><span class='ocrx_word' id='word_1_377' title='bbox 0 0 1491 4684; x_wconf 95' lang='lat' dir='ltr'> </span> 
     </span>
    </p>
   </div>
  </div>
 </body>
</html>
