2967 4684
354 390 731 461 HISTORIARUM
757 391 915 462 LIBER
940 397 1081 464 XXIV.
1179 401 1244 496 371

188 507 384 580 Alexandri
398 507 643 607 Philippique,
657 533 783 605 regum
801 535 949 586 suorum
964 519 1131 607 nomina,
1146 523 1250 596 sicuti

190 622 360 705 numina,
377 620 417 695 in
434 618 605 696 auxilium
623 617 814 694 vocabant
830 623 932 694 «Sub
949 625 1018 696 illis
1036 653 1074 699 se
1097 655 1174 702 non
1193 658 1249 704 so·
1266 666 1298 700 ιο

188 729 265 801 lum
282 744 400 816 tutos,
418 754 545 806 verum
564 731 670 806 etiam
689 732 845 802 victores
864 733 963 806 orbis
980 751 1157 812 terrarum
1184 769 1251 816 ex-

190 841 327 915 stitisse.
344 844 393 912 Ut
411 855 600 918 tuerentur
616 843 769 938 patriam
792 865 912 932 suam,
932 871 1042 942 quam
1063 850 1174 947 gloria
1194 879 1294 924 re-11

189 977 271 1026 rum
289 966 468 1049 gestarum
486 951 573 1024 caelo
590 954 794 1050 proximam
811 951 1071 1041 reddidissent,
1086 977 1128 1032 ut
1143 987 1262 1062 opem·

189 1061 341 1134 adflictis
366 1061 524 1150 ferrent,
549 1087 643 1160 quos
670 1060 774 1134 furor
804 1078 840 1134 et
863 1069 1042 1140 temeritas
1069 1074 1249 1145 Ptolemaei

187 1176 283 1270 regis
300 1173 531 1272 perdidisset,
541 1203 559 1238 s
575 1171 738 1246 orabant.
756 1177 1040 1273 Desperantibus
1062 1184 1251 1275 omnibus,
1267 1218 1296 1253 n

189 1309 268 1358 non
283 1287 376 1357 votis
392 1283 592 1382 agendum,
605 1283 800 1356 Sostheues
810 1337 820 1373 ,
832 1311 927 1358 unus
946 1287 991 1359 de
1008 1293 1250 1366 Macedonum

189 1395 440 1493 principibus,
467 1411 587 1482 ratus,
614 1409 801 1468 contracta
829 1399 1043 1494 juventute,
1067 1418 1103 1473 et
1130 1407 1252 1478 Gallos

189 1509 339 1578 victoria
364 1506 584 1580 exsultantes
607 1506 846 1605 compescuit,
867 1523 903 1578 et
928 1509 1179 1584 Macedoniam
1205 1516 1252 1586 ab

188 1613 310 1688 hostili
320 1617 557 1716 populatione
564 1615 739 1691 defendit.
749 1615 806 1688 Ob
819 1643 897 1716 quae
908 1621 1047 1692 virtutis
1059 1621 1252 1716 beneficia,
1267 1641 1298 1694 13

188 1725 311 1800 multis
333 1725 519 1799 nobilibus
538 1752 691 1825 regnum
714 1727 939 1799 Macedoniae
962 1731 1252 1824 adfectantibus,

188 1836 357 1933 ignobilis
376 1839 452 1937 ipse
472 1842 722 1939 praeponitur:
745 1852 781 1909 et
802 1863 915 1935 quum
939 1864 1004 1911 rex
1028 1841 1075 1913 ab
1092 1849 1252 1918 exercitu
1268 1869 1299 1928 14

187 1947 387 2047 appellatus
407 1965 519 2038 esset,
536 1952 612 2048 ipse
628 1975 706 2022 non
723 1951 763 2020 in
783 1951 893 2047 regis,
910 1950 972 2022 sed
991 1949 1093 2025 ducis
1114 1979 1252 2028 nomen
1279 2039 1283 2047 ¹

184 2060 305 2154 jurare
324 2062 455 2132 milites
474 2059 657 2159 compulit.

235 2175 293 2241 VI.
307 2178 450 2242 Interea
467 2175 651 2247 Brennus,
666 2195 740 2266 quo
756 2167 848 2243 duce
868 2171 989 2271 portio
1008 2171 1195 2244 Gallorum
1213 2177 1280 2246 ine

188 2281 365 2352 Graeciam
392 2305 430 2350 se
449 2277 647 2365 effuderat,
664 2279 786 2349 andita
807 2282 957 2351 victoria
981 2307 1149 2373 suorum,
1171 2286 1253 2380 qui,

189 2390 309 2486 Belgio
328 2390 438 2476 duce,
461 2383 679 2458 Macedones
695 2389 879 2478 vicerant,
897 2389 1131 2488 indignatus,
1153 2406 1255 2492 parta

189 2501 355 2589 victoria,
368 2502 527 2600 opimam
540 2497 696 2597 praedam
705 2551 715 2585 ,
724 2513 761 2569 et
770 2499 927 2569 Orientis
941 2498 1063 2596 spoliis
1074 2515 1255 2587 onustam,

189 2626 261 2684 tam
278 2611 383 2684 facile
402 2611 564 2682 relictam
583 2633 678 2696 esse,
690 2612 768 2707 ipse
782 2608 948 2679 adunatis
963 2633 1006 2679 cc
1017 2607 1176 2680 millibus
1193 2635 1255 2710 pe·

189 2723 320 2814 ditum,
335 2739 371 2796 et
383 2749 428 2802 rv
442 2721 600 2797 millibus
613 2721 796 2818 equitum,
809 2721 847 2794 iu
862 2719 1111 2795 Macedoniam
1127 2724 1255 2792 irrum-
1306 2788 1310 2798 ,

188 2836 251 2932 pit.
271 2837 393 2923 Quum
420 2857 527 2930 agros
554 2831 730 2929 villasque
758 2831 1014 2930 popularetur,
1036 2835 1195 2904 occurrit
1221 2835 1281 2904 eia

189 2965 272 3014 cum
292 2946 473 3014 instructo
496 2945 657 3017 exercitu
679 2939 924 3016 Macedonum
946 2941 1142 3016 Sosthenes
1161 2972 1169 3015 :
1190 2945 1254 3018 sed

223 3176 250 3225 9.
261 3156 701 3210 domminetudiuuetor
741 3157 821 3228 Regis
838 3157 909 3210 enim
921 3175 1018 3210 nomen
1031 3155 1158 3211 adsumsit
1174 3161 1254 3212 occisi

188 3236 217 3294 in
229 3235 381 3290 nominibus
393 3253 460 3288 sono
473 3235 609 3288 similibus.
621 3238 701 3288 Recte
741 3235 822 3287 frater
835 3235 981 3307 Meleager,
999 3237 1045 3308 qui
1059 3249 1085 3289 et
1102 3239 1158 3308 ipse
1172 3237 1255 3290 Gallis

188 3327 275 3370 autem
298 3313 395 3367 dicitur
417 3333 515 3366 numen
536 3314 653 3386 Philippi
674 3327 702 3368 et
741 3313 1255 3385 impar,duobusmensibuspostdeces·

187 3392 343 3458 Alexandri,
358 3406 460 3448 utnon
478 3411 548 3465 opus
563 3394 597 3446 sit
615 3396 701 3447 corsi·
740 3391 791 3456 siit
814 3409 1042 3464 successoremque
1063 3389 1154 3444 habuit
1175 3393 1253 3444 Anti-

189 3491 251 3544 gere
258 3491 320 3525 cum
328 3473 701 3544 Groumvominumquam-
739 3482 857 3542 patrum,
872 3469 988 3542 Philippi
1001 3467 1100 3532 filium,
1115 3468 1254 3522 Cassandri

188 3571 267 3624 quem
280 3550 334 3604 dici
347 3563 435 3622 potest
450 3568 458 3603 t
471 3551 611 3624 Philippus
623 3552 699 3604 sicuti
739 3559 880 3618 nepotem,
894 3565 941 3616 per
952 3547 986 3610 45
1000 3545 1070 3610 dies,
1078 3545 1120 3597 cui
1132 3547 1256 3600 successit

187 3649 287 3686 numen
302 3643 412 3684 vocatur
427 3630 456 3682 in
468 3631 608 3694 auxilinm
623 3629 699 3682 inde·
739 3626 889 3696 Antigonus
895 3625 1023 3688 Gonnum
1033 3623 1067 3678 de
1078 3643 1133 3696 quo
1145 3626 1252 3678 consule

188 3721 280 3780 queat
297 3709 699 3780 hocloco:neminanrlippi
738 3703 908 3768 mdrcem,et
925 3703 994 3756 infra
1007 3701 1100 3766 XXV,
1126 3721 1156 3768 t,
1180 3721 1252 3756 r.-

188 3801 216 3840 et
225 3787 384 3851 Alexandri,
397 3788 473 3842 sicuti
486 3788 634 3840 numinum.
742 3785 866 3855 Compulit.
880 3780 950 3834 Edd.
963 3780 1044 3852 antiq.
1060 3799 1104 3836 sex
1115 3785 1202 3852 coegit.

225 3868 267 3920 13.
276 3866 393 3937 mucidis
402 3871 460 3938 inse.
473 3868 537 3920 Non
550 3868 626 3937 regio
643 3885 700 3918 san·
776 3861 827 3914 Vl.
847 3879 869 3914 1.
887 3867 916 3911 ln
936 3862 1060 3910 amiam.
1085 3860 1149 3930 Cap.
1172 3868 1204 3926 4,
1225 3873 1252 3916 et

190 3945 270 4015 paine
280 3957 367 3998 cretus
377 3963 384 3997 :
393 3944 441 3998 sed
451 3957 539 3998 tamen
546 3963 616 3996 nnus
627 3945 701 4016 prin·
740 3943 800 3996 coll.
812 3937 909 3992 netad
921 3957 977 4009 cap.
990 3938 1019 4002 5,
1034 3959 1056 3994 ι.
1068 3969 1102 3978 -
1114 3941 1250 4010 Opimam...

189 4024 279 4094 cipum
312 4043 486 4096 procerumve
517 4023 612 4095 regni,
633 4023 702 4076 sicut
741 4032 858 4074 eamcam.
872 4015 1135 4082 l.e.,Macedoniam
1148 4037 1205 4092 cap.
1218 4027 1250 4084 4,
1278 4043 1281 4048 ·

189 4102 568 4172 modo(§.1e)dictum.1n.
741 4099 950 4170 9.-Quiadecim
958 4097 1067 4150 millibus.
1077 4097 1252 4152 Diodorusad

228 4187 269 4242 rt.
283 4185 341 4232 Nos
351 4185 377 4232 rii
388 4185 460 4250 mgis,
474 4182 520 4234 sed
528 4181 597 4234 diets
605 4201 698 4235 nomn.
742 4197 800 4251 esp.
811 4181 839 4244 5,
853 4199 863 4232 ι
875 4175 1136 4242 ,laudatusnumerat
1149 4195 1250 4242 ro,ooo.
