2967 4684
221 313 291 388 360
643 319 662 384 J
670 315 855 386 USTINI

192 457 208 514 4
216 439 320 534 jectis
336 435 460 535 paucis
479 433 625 524 diebus,
642 437 695 508 vis
715 436 836 508 morbi
857 438 997 534 coegit:
1015 461 1089 534 quo
1102 423 1285 511 'totocor-

220 572 309 646 pore
329 546 629 646 comprehensus,
644 571 709 644 per
731 572 859 619 omues
881 572 1013 620 nervos
1036 549 1285 647 articulosque

221 659 374 729 humore
399 655 568 754 pestifero
593 671 793 755 grassante,
814 657 914 730 velut
933 660 1107 731 intestino
1130 660 1285 757 singulo

193 783 208 834 5
221 793 304 840 rum
314 766 562 840 membrorum
572 767 685 855 bello,
698 769 991 866 impugnabatur.
1004 774 1057 839 Ex
1070 794 1142 867 qua
1155 767 1285 866 ‹lespe-

221 883 360 976 ratione
376 878 510 951 bellum
523 881 619 950 inter
632 877 747 949 lilium
762 894 1006 976 nepotemque
1019 881 1115 976 ejus,
1127 901 1286 976 regnum·

219 992 293 1084 jam
307 991 407 1087 quasi
424 991 559 1062 mortui
574 989 817 1078 vindicantes,
830 992 963 1078 oritur,
980 993 1175 1089 occisoque
1189 989 1285 1077 filio,

194 1118 376 1198 tregnum
404 1125 520 1200 nepos
550 1101 749 1199 occupavit.
772 1102 886 1198 Igitur
912 1099 1145 1198 Agathocles,
1170 1125 1284 1199 quum

222 1210 343 1282 morbi
362 1236 447 1284 cura
466 1227 502 1284 et
524 1211 698 1310 aegritudo
720 1213 899 1309 graviores
917 1227 1057 1298 essent,
1077 1225 1113 1281 et
1128 1211 1225 1282 inter
1246 1234 1285 1282 se

208 1322 376 1394 'alterum
409 1324 554 1396 alterius
582 1321 677 1394 malo
708 1337 904 1410 cresceret,
929 1320 1125 1421 desperatis
1155 1320 1285 1409 rebus,

223 1458 376 1507 uxorem
399 1461 499 1507 suam
519 1439 718 1522 Terrenum,
734 1434 949 1530 genitosque
964 1457 1010 1503 ex
1028 1456 1071 1502 ea
1093 1430 1186 1502 duos
1204 1454 1298 1527 par·.

222 1545 346 1633 vulos,
368 1569 453 1618 cum
476 1547 577 1616 omni
600 1545 775 1642 pecunia,
796 1557 833 1614 et
855 1540 1006 1630 familia,
1023 1539 1206 1637 regalique
1228 1541 1288 1610 in·

224 1667 443 1743 strtunent0,
455 1679 529 1752 quo
544 1669 673 1752 praeter
688 1654 790 1724 illum
808 1677 917 1724 nemo
933 1676 1059 1751 regum
1075 1649 1184 1720 ditior
1201 1644 1287 1736 fuit,

226 1763 378 1834 navibus
395 1765 600 1863 impositos,
619 1767 831 1862 AEgyptum,
848 1763 947 1834 unde
966 1785 1117 1834 uxorem
1139 1783 1288 1858 accepe-

225 1889 299 1961 rat,
313 1873 482 1963 reintrat,
495 1877 645 1961 timens,
660 1900 705 1946 ne
722 1874 933 1973 praedonem
951 1874 1053 1969 regni
1071 1873 1126 1941 sui
1143 1869 1286 1940 hostem

197 1996 446 2080 :paterentur
460 1989 689 2084 Quamquam
705 2009 796 2056 uxor
813 1983 893 2072 diu,
907 2007 956 2053 ne
971 1981 1018 2052 ab
1034 2005 1129 2078 aegro
1142 1979 1289 2052 divelle·

224 2110 336 2183 retur,
348 2094 539 2192 deprecata
551 2112 625 2185 est,
642 2121 689 2166 ne
702 2093 877 2166 discessus
889 2116 975 2164 suus
985 2089 1131 2188 adjungi
1145 2093 1290 2189 nepotis

130 2281 135 2292 .
228 2205 420 2303 parricidio
430 2223 563 2304 posset,
574 2223 610 2280 et
622 2223 694 2278 tam
703 2219 854 2278 cruente
862 2202 939 2274 haec
949 2201 1148 2273 deseruisse
1158 2203 1290 2290 virum,

198 2327 336 2412 squam
359 2315 417 2386 ille
444 2319 673 2415 impugnasse
699 2341 824 2403 avum,
844 2313 1052 2385 videretur:
1072 2342 1090 2378 c
1104 2311 1288 2384 Nubendo

228 2451 264 2495 se
284 2450 567 2525 nouprosperae
591 2441 753 2510 tantum,
770 2425 832 2496 sed
855 2426 976 2494 omnis
998 2419 1155 2494 fortune
1178 2425 1289 2495 inisse

227 2537 459 2606 societatem:
479 2560 547 2607 nec
571 2537 720 2607 invitam
741 2532 904 2632 periculo
926 2533 1072 2630 spiritus
1095 2535 1151 2604 sui
1172 2547 1287 2602 emtu-
1313 2567 1317 2572 =

226 2669 319 2734 ram,
335 2660 376 2716 ut
391 2661 569 2717 extremos
588 2648 655 2717 viri
676 2647 821 2744 spiritus
839 2645 1037 2742 exciperet,
1051 2657 1088 2714 et
1105 2643 1287 2740 exsequia·

262 2846 287 2898 3.
314 2846 356 2895 Vir
378 2845 462 2897 morbi.
491 2843 591 2898 Effecta
613 2863 734 2909 veneno,
776 2854 828 2896 tate
839 2840 972 2908 lorsamai
983 2841 1288 2896 consu-actioneutillarn

227 2920 300 2994 quod
322 2921 372 2991 ipsi
393 2924 501 2994 ejusque
523 2923 579 2975 filio
599 2923 736 2994 Agathocli
776 2921 874 2974 Nostro
887 2921 1008 2974 usitatam
1021 2939 1077 2974 esse
1085 2919 1244 2988 recorderis,
1257 2935 1290 2976 ut

126 3043 130 3066 ,
227 3001 365 3052 miscuerat
375 3001 523 3065 arenosus
531 3000 735 3072 Archagathum,
775 2999 861 3070 liquet
872 3017 904 3051 ex
913 3013 977 3052 nota
988 2997 1022 3052 ad
1035 2999 1080 3064 ll,
1094 3000 1126 3065 3,
1139 3003 1182 3054 16.
1195 3018 1239 3053 m.

226 3076 521 3148 Archagathiiuhfrica
534 3079 611 3131 occisi
625 3077 736 3146 (XXII,
812 3079 837 3128 6.
854 3084 931 3145 Quam
948 3077 1051 3130 morbi...
1063 3080 1186 3147 graciam
1202 3091 1287 3131 meat.

227 3157 257 3221 8,
274 3158 325 3225 14)
345 3155 448 3222 filium,
470 3157 573 3231 tyranni
595 3167 736 3227 nepotem,
777 3155 1288 3216 Freinsh.correx.morbo‚·Gron.arus:

226 3251 277 3288 avo
287 3251 460 3288 successorem
468 3235 649 3298 constitueret,
658 3251 738 3304 quem
777 3232 943 3285 merbeccam
955 3233 1128 3301 etoegritadr'm
1141 3236 1289 3303 messae·

226 3323 314 3366 tamen
331 3313 420 3384 paullo
440 3325 546 3384 postet
565 3311 652 3382 ipsum
673 3310 737 3364 dolo
777 3322 827 3376 ret,
843 3311 929 3383 aptius
945 3323 972 3364 et
989 3311 1098 3376 melius,
1118 3329 1199 3382 quam
1215 3311 1289 3364 Grn-

227 3391 340 3456 occidit,
363 3403 483 3444 amante
505 3389 624 3442 Diodoro
649 3389 737 3455 XXI,
777 3389 836 3443 vius
855 3408 862 3440 :
879 3388 986 3452 morbus,
1009 3408 1067 3439 cum
1088 3387 1206 3460 afflando
1225 3409 1289 3460 gra·

227 3469 320 3542 fragm.
334 3487 381 3538 19,
392 3471 424 3522 t.
436 3471 469 3521 U.
482 3469 547 3532 465,
558 3467 658 3540 olymp.
673 3486 736 3534 na,
777 3471 947 3520 clarescerent.

117 3593 121 3602 .
228 3553 258 3610 4,
272 3566 343 3600 anno
352 3546 455 3619 imperii
466 3545 604 3609 all‚tetatis
615 3565 657 3616 7².
668 3545 737 3598 Hinc
813 3564 838 3616 7.
864 3550 1015 3597 Discessere...
1035 3554 1127 3616 posset.
1152 3543 1289 3598 Discessere

145 3685 149 3692 Ι
228 3625 317 3691 vides,
328 3624 521 3680 huncaNostri
528 3623 738 3680 narratiouedia·
778 3641 840 3678 snus
854 3636 907 3676 tam
918 3621 1076 3675 detestabilis
1087 3633 1155 3676 esset
1165 3633 1193 3674 et
1203 3622 1288 3675 habc-

228 3703 322 3756 ccdere
335 3705 358 3770 S.
372 3705 397 3755 5.
776 3714 864 3767 retur,
880 3721 911 3754 ac
928 3698 1101 3772 parricidium
1115 3701 1238 3770 nepotis,
1259 3713 1292 3754 ut

263 3788 288 3843 4,
303 3809 334 3818 -
348 3781 425 3832 Anno
434 3779 514 3832 Urbis
527 3777 639 3832 conditer
651 3779 710 3841 465.
777 3780 834 3833 boc
843 3779 1011 3851 sequentibus
1019 3779 1106 3833 verbis
1115 3778 1290 3850 explicantur.

264 3859 288 3909 5.
306 3856 467 3908 Vindicantes.
484 3859 524 3909 Ita
540 3857 647 3929 conjicit
664 3855 736 3910 Gra·
814 3859 839 3912 8.
852 3857 972 3910 Nubendo
982 3877 1008 3908 se
1025 3868 1076 3910 etc.
1093 3857 1192 3910 Confer
1204 3855 1290 3908 Tacit.

228 3935 286 3987 vius
304 3953 354 4006 pro
373 3935 550 4002 vindicantibus
564 3933 637 4008 quod
653 3946 692 3986 est
709 3935 737 3988 in
779 3934 843 4002 ΙΙΙ,
856 3938 942 4002 34,6,
953 3935 1084 3988 Plutarch.
1098 3935 1126 3988 in
1136 3935 1218 3987 Bruto
1228 3952 1288 4004 cap.

228 4015 323 4079 MSS„
335 4023 362 4064 et
372 4011 471 4081 optime
484 4013 591 4085 quidem
603 4031 635 4066 ex
650 4031 736 4082 gram·
781 4016 903 4082 193001t
920 4013 1004 4068 Tacit.
1022 4012 1086 4079 111,
1105 4015 1154 4080 15,
1174 4031 1205 4079 ²3
1218 4012 1289 4066 Vell.

230 4093 327 4146 maticae
337 4089 494 4158 canonibus3
507 4091 553 4145 sed
566 4093 612 4145 abs
623 4092 737 4146 necessi·
779 4092 826 4158 ΙΙ,
838 4096 888 4164 67,
903 4111 928 4146 a.
