2967 4684
154 394 158 400 ·
221 389 264 473 74
463 380 675 451 raotoct
697 380 1044 452 ιιιιτοιιιιιιιιι

489 566 726 623 PROLOGUS
746 559 877 621 LIBRI
897 567 1009 623 XLII.

194 755 208 791 ι
267 732 418 801 Secundo
445 748 478 801 et
502 731 750 822 quadragesimo
776 734 943 799 volumine
971 738 1184 805 continentur
1204 741 1282 806 Par·

194 837 318 908 athicae
337 859 397 901 res.
413 836 458 898 Ut
475 835 646 925 praefectus
666 834 794 900 Parthis
815 838 981 923 Apraeteus
998 838 1139 905 Mesenis
1158 840 1289 907 bellum·

221 939 355 1004 intulit:
371 954 475 1027 utque
494 938 528 1001 in
548 937 742 1025 Babylonios
758 953 792 1001 et
812 936 1032 1003 Seleucienses
1048 942 1163 1024 saeriit,
1180 960 1285 1031 utque

134 1046 138 1055 '
220 1040 352 1106 Phraati
374 1040 529 1105 successit
548 1062 608 1104 rex
622 1037 831 1105 Mithridates
846 1042 1042 1130 cognomine
1058 1040 1211 1133 Magnus,
1225 1048 1286 1135 qui

193 1144 382 1207 ³Armeniis
400 1143 527 1208 bellum
544 1143 666 1207 intulit.
684 1141 766 1207 Inde
785 1144 929 1233 repetitae
950 1146 1091 1235 origines
1111 1148 1285 1213 Armenio-

193 1253 313 1326 trum,
330 1262 363 1311 et
378 1248 467 1311 situs.
482 1247 527 1311 Ut
541 1246 629 1311 varia
644 1244 868 1335 complurium
886 1268 1001 1335 regum
1017 1247 1051 1311 in
1067 1248 1193 1313 Parthis
1209 1272 1284 1316 suc·

222 1350 382 1432 cessione,
394 1350 570 1439 imperium
583 1348 710 1436 accepit
725 1346 869 1431 Orodes,
882 1348 940 1436 qui
952 1350 1102 1415 Crassum
1116 1349 1236 1416 delevit
1251 1368 1286 1417 et

194 1456 209 1509 5
222 1452 348 1541 Syriam
365 1476 425 1543 per
440 1450 546 1518 filium
561 1451 722 1515 Pacorum
736 1450 919 1539 occupavit.
936 1450 989 1516 Illi
1003 1450 1151 1517 succedit
1164 1453 1284 1517 Phraa-

222 1570 287 1637 tes,
307 1557 366 1644 qni
386 1571 419 1620 et
439 1579 515 1620 curn
533 1553 676 1619 Antonio
691 1552 818 1617 beilum
837 1551 972 1635 habuit,
988 1570 1022 1619 et
1039 1576 1114 1618 curn
1128 1553 1285 1619 Tiridate.

194 1656 416 1722 redditores
432 1658 602 1746 Scythice.
616 1657 720 1745 Reges
735 1654 964 1771 Tocharorum
980 1656 1129 1740 Asiani,
1121 1658 1286 1723 interitus

223 1782 289 1848 que
304 1760 534 1827 Sarducarurn.

478 1941 723 1999 PROLOGUS
742 1938 873 1995 LIBRI
894 1938 1030 1995 XLIII.

198 2116 210 2151 ¹
270 2100 436 2167 Tertio‘et
457 2099 703 2189 quadragesirno
724 2097 894 2165 volumine
915 2102 1125 2166 continentur
1146 2102 1289 2191 origines

227 2203 454 2295 [priscorum]
473 2204 683 2287 Latinorum,
699 2202 780 2269 situs
800 2201 891 2267 urbis
911 2202 1022 2267 Rornae
1039 2226 1046 2267 :
1065 2220 1098 2268 et
1118 2226 1169 2268 res
1185 2224 1287 2291 usque

225 2380 315 2432 nullus
347 2380 406 2433 fnit.
438 2382 525 2434 Immo
559 2378 738 2454 Apollodorus
779 2392 919 2474 corruptus
933 2381 971 2436 sic
987 2384 1104 2455 legitur.
1117 2384 1287 2446 Schucinhse,

226 2459 412 2514 celeberrimus
425 2460 475 2514 hut
487 2473 514 2514 et
525 2462 649 2534 antiquus
657 2460 740 2513 histo-
779 2461 903 2534 uetusque
915 2462 1035 2534 Phyratr's.
1055 2464 1107 2514 Pro
1122 2460 1225 2514 Phraati
1242 2478 1290 2512 au-

225 2538 297 2590 ricus
304 2558 406 2610 ,quem
417 2539 508 2593 laudat
524 2542 636 2603 Strabo,
653 2539 739 2609 scrip·
780 2550 850 2603 tem,
873 2540 1016 2611 legendum
1040 2526 1157 2592 sortasse
1175 2538 1291 2590 Phrultutt'

151 2641 156 2651 ‚
226 2627 347 2687 seratque
360 2616 451 2671 Indica
470 2631 497 2670 et
511 2620 616 2680 Baetra,
627 2578 739 2685 Inaeque
780 2618 893 2687 conjecit
906 2617 1072 2707 Bongtreius.
1088 2634 1133 2669 ιιιι.

227 2706 393 2745 enarraverat
406 2706 477 2764 gesta
489 2693 629 2762 Menandri
643 2704 669 2743 et
682 2692 738 2743 Eu·
817 2700 840 2753 4.
859 2698 891 2743 Ut
901 2712 1001 2744 varra
1013 2692 1114 2745 Orodes.
1125 2694 1165 2745 Ex
1177 2693 1219 2745 his
1231 2710 1291 2746 ven·

227 2769 334 2822 crutide
352 2790 448 2842 regum
469 2757 683 2834 Bucoianorum,
708 2782 739 2821 ut
779 2767 820 2818 bis
833 2780 905 2837 patet
917 2787 992 2821 error
1008 2770 1106 2823 Justini
1122 2790 1169 2842 qur
1161 2769 1291 2823 'Mithri

226 2858 315 2898 narrat
327 2848 429 2903 Suebo.
442 2848 544 2901 Recte'
537 2848 619 2918 igitur
632 2849 738 2917 ionge-
779 2840 847 2895 datis
860 2845 952 2917 Magni
965 2846 1070 2901 fratrem
1083 2847 1201 2902 Orodem
1212 2848 1291 2902 fuisse

223 2940 328 2990 ruens,
343 2924 454 2978 historia
469 2924 550 2992 duce,
566 2926 602 2978 ιιι
614 2926 666 2978 hoc
678 2926 738 2979 loco
780 2922 926 2977 asseritlih.
941 2926 1019 2978 XLII
1028 2945 1106 3000 ,.cap
1123 2934 1147 2990 4.
1163 2944 1209 2979 nn.

227 3003 339 3074 corrigit
353 3017 380 3057 et
397 3005 520 3077 supplet:
532 3024 566 3057 ex
576 3006 735 3076 Apollodoro,
815 3004 841 3055 6.
850 3004 1018 3057 Tocharorum.
1028 3006 1065 3057 Ita
1076 3024 1178 3061 cortex.
1188 3008 1292 3076 Longo

227 3094 302 3153 gesta
314 3104 362 3155 per
372 3083 534 3136 Menandrum
550 3098 575 3135 et
583 3086 740 3137 lucratidorrt
779 3098 866 3135 ruens
879 3103 929 3156 pro
944 3086 1119 3137 Thorlomrurrt.
1136 3088 1160 3137 A
1179 3086 1292 3137 Toehorr's

229 3181 454 3234 regenerarent).
589 3188 592 3195 ·
780 3159 852 3213 enim
873 3160 942 3216 dicta
961 3162 1011 3217 fuit
1032 3164 1106 3235 regio
1126 3182 1184 3235 que
1201 3176 1292 3235 postea

265 3239 354 3294 XLII.
363 3261 385 3294 ι
392 3248 524 3314 Aproeteus.
526 3242 614 3295 Valet.
624 3240 739 3295 inDiod.
780 3240 908 3310 appellate
941 3242 991 3295 fuit
1021 3243 1184 3295 Tocharisturt.
1216 3240 1292 3293 idern

230 3332 347 3391 excerpt.
342 3339 419 3393 .pug.
430 3321 739 3392 58,etLongeruoosex
782 3334 861 3389 supra
870 3318 950 3385 XLI,
965 3320 992 3385 5,
1009 3320 1134 3373 hocloco
1147 3320 1205 3372 raIt
1218 3324 1292 3369 Seru·

229 3398 284 3453 hoc
303 3400 411 3453 nomine
433 3413 560 3473 corrupto
583 3416 702 3455 οιιιιιιιιι
725 3420 741 3451 ιι
781 3414 918 3449 canccnur.

231 3481 337 3531 Phraate
359 3482 501 3532 Himeros:
524 3493 556 3535 ot
580 3482 703 3534 Himeras
727 3498 742 3531 a
818 3474 924 3529 XLIII.
937 3422 1293 3549 tEererusqueadPriscurir

231 3556 344 3609 Phraate
359 3557 461 3610 Parthis
477 3559 634 3629 praefectus,
654 3557 743 3610 intulit
787 3556 948 3627 Tarquinium.
967 3556 1025 3608 Hoc
1042 3556 1101 3607 Ioco
1116 3556 1293 3625 Longeruteus

230 3633 331 3687 bellum
340 3638 455 3689 Mesenis
463 3636 623 3709 (Meseniis):
634 3637 743 3689 Mesene
784 3632 907 3686 emendat
915 3646 942 3687 et
952 3635 1018 3705 Iegit
1029 3646 1059 3686 nt
1071 3634 1150 3686 hahet
1163 3630 1293 3687 secundus

233 3726 336 3778 antem,
347 3716 483 3786 Stephano
491 3729 611 3779 auctore,
622 3727 661 3767 est
670 3726 697 3767 et
704 3714 744 3766 in·
785 3711 869 3767 codex
882 3713 1015 3765 vaticanus
1028 3725 1053 3763 et
1068 3732 1136 3783 reges
1148 3714 1293 3780 (Rornano-

234 3791 439 3863 tulaa'Tigride
454 3794 564 3848 flumine
577 3795 701 3858 formata,
717 3804 744 3845 et
784 3810 844 3845 tum
866 3790 1008 3857 videficet)
1030 3810 1103 3864 usque
1126 3790 1161 3841 ad
1188 3792 1295 3841 Prr'scurn

233 3869 310 3940 regio
321 3869 389 3923 inter
401 3872 520 3943 Tigridis
529 3872 602 3943 ostia.
616 3873 744 3925 -Seleu-
790 3874 951 3945 Tarquinium.
981 3871 1079 3923 Neutra
1108 3869 1186 3922 lectio
1215 3868 1296 3921 altera

235 3950 325 3998 εὶιιιιει
336 3952 424 4012 soerr'r't,
438 3962 510 4022 utque
528 3951 635 4002 Phraati.
654 3950 694 4003 Ita
712 3970 745 4004 ex
786 3968 894 4021 prorsus
913 3952 989 4021 pejor
1006 3960 1057 4011 cett
1075 3966 1209 4020 quumque
1227 3949 1296 4000 Lon-

235 4028 385 4097 conjectura
404 4028 582 4099 Longemreus
597 4042 623 4081 et
639 4047 672 4082 ex
685 4030 743 4084 MS.
788 4048 903 4100 gerttaeus
919 4030 996 4081 unius
1016 4026 1122 4080 Codicis
1144 4027 1298 4080 auctoritate

236 4102 325 4157 Valet.
340 4105 392 4157 Ioo.
406 4104 477 4159 laud.
489 4106 611 4160 hocloco
622 4110 744 4162 restitue·
787 4108 901 4172 nitatur,
916 4108 985 4162 nihil·
995 4105 1072 4162 nobis
1087 4106 1243 4161 mutandum
1254 4106 1296 4158 ri-

237 4194 313 4250 ιιιιιι,
323 4182 370 4256 qui
380 4184 463 4256 vulgo
475 4202 557 4257 prere
567 4184 706 4244 distinetur
719 4201 746 4243 et
788 4186 881 4243 detur.
890 4202 936 4240 ιιι.
