2967 4684
411 379 793 464 n1sron1lnun
818 395 977 477 Lrsnn
1000 395 1066 463 1x.
1198 419 1263 466 211

208 519 385 606 timuisse,
401 541 518 615 eoque
536 531 677 602 actum,
693 518 788 586 utin
809 518 976 588 convivio
993 531 1098 587 antea
1112 518 1269 616 primum

209 653 293 700 cum
317 629 454 717 Attalo,
469 653 555 700 mox
579 651 661 698 cum
687 629 766 726 ipso
791 642 892 726 patre
911 629 1071 726 jurgaret
1090 657 1098 699 ε
1118 628 1210 702 adeo
1229 647 1299 710 uta

209 742 316 811 etiam
340 742 465 812 stricto
492 740 610 840 gladio
636 763 719 811 enm
744 737 931 838 Philippus
955 754 1184 812 consectatus
1207 745 1272 824 sit,
1332 789 1338 802 .
1446 767 1454 781 ·

210 876 374 950 aegreque
400 877 420 922 a
446 849 510 922 filii
537 850 633 923 caede
666 855 865 921 amicorum
894 849 1063 947 precibus
1095 863 1271 922 exoratus

209 963 455 1052 Quamobrem
474 961 676 1035 Alexander
694 961 740 1033 ad
763 960 983 1033 avunculum
1005 985 1043 1034 se
1065 963 1106 1032 in
1124 964 1300 1061 Epirum5

210 1097 295 1143 cum
323 1087 458 1163 matre,
483 1074 569 1144 inde
596 1072 642 1144 ad
668 1097 791 1169 regem
818 1071 1023 1169 Illyriorum
1051 1073 1273 1162 contulerat3

210 1185 342 1281 vixque
360 1185 544 1256 revocanti
560 1185 741 1281 mitigatus
755 1197 808 1254 est
825 1185 933 1282 patri,
947 1182 1188 1283 precibusque
1206 1204 1303 1257 co·6

210 1309 404 1392 gnatorum
426 1321 518 1393 aegre
544 1294 662 1366 redire
686 1293 903 1392 compulsus.
923 1293 1107 1393 Olympias
1129 1319 1303 1393 quoque7

211 1405 358 1478 fratrem
376 1432 483 1478 suum
504 1405 769 1495 Alexandrum,
790 1406 889 1506 Epiri
912 1430 1053 1504 regem,
1076 1406 1115 1475 in
1140 1405 1276 1477 bellum

212 1517 458 1607 subornabat,
472 1514 768 1618 pervicissetqbe,
783 1519 824 1587 ni
840 1514 921 1588 filiae
941 1517 1076 1615 nuptiis
1097 1532 1199 1615 pater
1218 1541 1277 1616 ge·

213 1653 344 1701 nerum
366 1645 586 1730 occupasset.
607 1633 669 1703 His
690 1629 842 1701 stimulis
863 1631 999 1700 irarum
1020 1629 1166 1725 utrique
1187 1632 1308 1698 Pau-s

213 1742 350 1811 saniem
363 1737 407 1813 de
417 1743 632 1841 impunitate
644 1744 759 1843 stupri
772 1744 827 1813 sui
840 1739 1123 1838 querentem‚ad
1136 1753 1277 1810 tantum

213 1848 353 1924 facinus
373 1853 557 1952 impulisse
582 1853 792 1926 creduntur.
809 1850 995 1951 Olympias
1011 1866 1109 1922 certe
1126 1850 1308 1949 fugienti9

213 1965 416 2060 percussori
449 1989 562 2063 equos
598 1989 746 2062 quoque
778 1977 997 2062 preparatas
1029 1960 1169 2033 habuit
1197 1967 1279 2059 Ipsa
1294 1997 1326 2032 ιο

215 2072 347 2144 deinde
357 2127 367 2161 ,
379 2073 499 2144 audita
513 2078 607 2170 regis
621 2098 729 2162 nece,
745 2092 860 2172 quum
875 2074 979 2145 titulo
993 2070 1105 2144 officii
1121 2072 1167 2142 ad
1182 2095 1281 2143 exse·

218 2184 320 2278 quias
331 2172 565 2270 cucurrisset,
575 2183 615 2252 in
631 2205 737 2254 cruce
752 2183 947 2279 pendentis
960 2185 1143 2253 Pausaniae
1158 2184 1283 2280 capiti,

217 2290 342 2362 eadem
361 2306 487 2379 nocte,
503 2315 574 2389 qua
593 2293 710 2378 venit,
728 2315 905 2362 coronam
920 2315 1067 2364 auream
1085 2294 1281 2390 Mposuit:

218 2399 318 2497 quod
333 2423 443 2470 nemo
458 2399 549 2472 alius
564 2398 714 2489 audere,
728 2402 798 2472 nisi
814 2400 908 2488 haec,
921 2403 1111 2500 superstite
1128 2401 1284 2502 Philippi

218 2509 314 2602 filio,
327 2513 511 2610 potuisset.
528 2516 665 2583 Paucos
679 2511 813 2584 deinde
826 2527 912 2612 post
928 2511 1020 2597 dies,
1032 2508 1185 2583 relisum
1204 2534 1284 2584 cor·
1299 2541 1328 2577 ιι

219 2647 290 2722 pus
312 2621 554 2704 interfectoris
576 2646 684 2724 super
708 2621 879 2722 reliquias
898 2624 1018 2693 mariti
1040 2623 1229 2711 cremavit3
1250 2639 1287 2696 et

219 2735 398 2807 tumulum
418 2738 450 2808 ei
469 2735 598 2808 eodem
619 2732 706 2806 fecit
723 2738 764 2806 in
782 2735 882 2821 loco,
896 2735 1150 2832 parentarique
1168 2733 1286 2804 eidem

222 2848 437 2941 quotannis,
449 2849 593 2918 incussa
606 2844 746 2945 populo
759 2845 1031 2943 superstitione,
1045 2845 1192 2916 emovit
1202 2849 1287 2917 Post
1300 2877 1330 2912 12

222 2955 299 3026 haec
324 2958 572 3056 Cleopatram,
595 2983 615 3030 a
643 2983 715 3056 qua
742 2956 846 3058 pulsa
872 2955 1026 3057 Philippi
1054 2959 1287 3030 matrimonio

223 3063 365 3151 suerat,
388 3069 428 3137 in
457 3070 593 3165 gremio
619 3071 696 3164 ejus
725 3070 826 3168 prius
852 3066 925 3139 filia
949 3066 1159 3160 interfecta,
1180 3068 1289 3140 finire

261 3251 286 3304 3.
298 3255 382 3324 quue
393 3263 479 3304 actum
493 3253 572 3308 MSS.
583 3254 671 3326 plures
680 3255 737 3321 sac·
777 3263 875 3330 uterque
887 3277 897 3308 .·
910 3255 938 3310 id
951 3255 1025 3329 quod
1038 3257 1144 3311 Graevio
1157 3267 1184 3309 et
1193 3255 1287 3327 placet.

226 3341 274 3381 tum
286 3348 294 3382 :
308 3329 381 3401 quod
395 3350 450 3402 pra
462 3332 570 3404 vulgato
584 3333 677 3404 placet.
691 3351 736 3385 nn.
779 3337 881 3388 Verum
894 3335 962 3387 nihil
983 3335 1047 3388 novi
1067 3352 1162 3388 vocem
1181 3333 1290 3405 pluralis
1333 3366 1338 3376 ·

262 3413 286 3472 4.
301 3415 431 3463 Exoratas.
446 3411 523 3464 Unus
537 3411 595 3466 tts.
608 3424 737 3476 revocatus,
778 3415 882 3469 numeri
895 3415 988 3486 tetrique
1001 3412 1036 3467 de
1054 3411 1156 3466 duabus
1171 3412 1291 3483 personia

227 3485 301 3559 quod
314 3490 417 3560 prefert
428 3491 610 3544 Ruhnkenius.
621 3491 666 3546 Me
680 3491 739 3562 qul·
780 3491 890 3565 singulis
900 3492 1031 3563 usurpari.
1041 3491 1131 3564 Nepos
1140 3489 1208 3555 XX,
1218 3509 1247 3554 ι,
1256 3507 1289 3555 ²,

227 3564 287 3618 dem
299 3567 327 3618 in
336 3565 440 3620 Justino
452 3587 507 3623 non
516 3569 630 3624 offendit
639 3585 740 3622 exorere
780 3574 873 3644 utrique
881 3572 1001 3642 Dionysii,
1010 3589 1062 3643 pro
1067 3581 1180 3641 uterque
1188 3568 1290 3642 Diony-

228 3645 329 3717 aliquem
338 3647 459 3716 precibus.
781 3649 851 3713 siun
865 3660 891 3701 et
902 3645 963 3699 alibi
975 3649 1079 3720 passim.
1095 3663 1142 3701 ιι).

264 3723 289 3774 5.
302 3723 345 3774 ,td
355 3727 501 3778 arunculam.
514 3726 620 3781 Scilicet
633 3727 742 3780 Alexan·
819 3745 860 3780 ιο.
877 3727 1013 3778 Pausania.
1033 3726 1067 3778 ln
1087 3725 1149 3796 iuga
1171 3742 1292 3796 compre·

229 3799 308 3855 drum
319 3803 455 3874 Epir-otum
466 3823 524 3879 cap.
535 3809 565 3871 6,
581 3823 593 3860 t
606 3817 679 3871 not,
689 3797 743 3860 ho'o
782 3804 858 3860 hensi
872 3823 887 3857 ι
905 3803 1044 3869 Perdicca,
1057 3805 1145 3856 Attalo
1161 3817 1188 3856 et
1205 3806 1292 3858 leon·

230 3881 315 3952 eapite
330 3884 355 3949 §.
367 3903 392 3953 7.
783 3897 861 3948 nato,
873 3881 953 3936 Diod.
965 3881 1050 3948 XVI,
1059 3902 1146 3951 9¹·-·
1154 3889 1208 3953 Quo
1216 3886 1293 3936 vent.

266 3962 293 4012 6.
302 3959 387 4012 ltetlin
396 3964 537 4034 compulsas.
549 3961 745 4018 Interreuiente
784 3963 847 4017 Haec
856 3961 1031 4034 verbainepu
1039 3959 1170 4016 editiones
1181 3963 1295 4034 antiquo

235 4036 745 4115 DemtmtoCorinthio,Pbilippiregis
785 4042 920 4096 omittunt.

233 4113 348 4186 bospite.
824 4138 864 4173 ιι.
879 4120 950 4170 Filia.
968 4119 1021 4172 Aut
1040 4116 1213 4191 potinsfi1w5
1234 4117 1295 4170 coll.

272 4193 296 4244 8.
307 4196 411 4266 Utrique.
419 4195 549 4250 Ediunt.
559 4209 622 4252 teste
630 4199 745 4264 Gravio,
786 4200 812 4267 ς.
835 4198 866 4264 3,
886 4217 1044 4271 quamquam
1064 4211 1091 4251 et
1112 4199 1185 4252 hunc
1202 4198 1299 4267 Noster
