2967 4684
208 351 280 442 446
631 353 847 424 instrui

209 475 433 560 Demetrius,
445 497 562 545 annos
577 472 781 572 pubertatis
794 497 976 570 egressus,
989 472 1112 545 audita
1123 469 1274 544 Alexan·

210 585 267 656 dri
285 585 442 672 luxurie,
455 609 566 684 quem
584 586 775 684 insperata·
788 609 894 683 opes,
907 599 945 655 et
957 585 1083 657 niienae
1101 581 1276 656 felicitatis

213 710 446 782 ornamenta,
459 694 558 768 velut
575 710 722 794 captum
741 697 839 767 inter
856 710 1062 768 scortorum
1077 719 1201 794 greges
1217 697 1278 767 de-

214 804 330 876 sidem
353 807 393 875 in
417 808 514 903 regia
537 806 731 894 tenebant,
752 805 1011 879 auxiliantibus
1030 805 1280 894 Cretensibus,

187 931 406 1002 trecium,
432 941 474 988 ac
511 916 605 990 nihii
635 916 767 989 hostile
804 933 1029 990 metuentem
1062 918 1280 1016 adgreditur.

217 1026 483 1102 Antiochenses
498 1051 648 1127 quoque
658 1083 669 1116 ‚
681 1044 840 1102 veterem
858 1031 971 1129 putris
985 1027 1164 1102 offensam
1177 1033 1282 1101 novis

217 1141 355 1211 meritis
367 1140 584 1230 correcturi,
595 1165 634 1212 se
645 1140 678 1210 ei
689 1139 931 1212 traduntzsed
941 1139 1118 1213 etmilites
1126 1141 1283 1239 paterni,

219 1245 344 1322 favore
356 1250 500 1346 juvenis
518 1251 680 1340 accensi,
696 1252 829 1348 prioris
845 1253 1059 1323 sacrmenti
1073 1251 1284 1348 religionem

221 1361 310 1433 novi
324 1365 418 1460 regis
432 1362 610 1462 superbie
623 1360 877 1462 preferentes,
889 1363 991 1460 signa
1002 1360 1049 1432 ad
1061 1360 1286 1432 Demetrium

195 1471 451 1546 ttransierunt
464 1502 472 1546 :
486 1489 595 1571 utque
612 1475 662 1545 ita
681 1472 884 1546 Alexander
902 1497 981 1545 nou
998 1471 1131 1543 minori
1150 1471 1287 1568 impetu

223 1581 381 1656 fortunae
394 1581 1142 1682 destructru,quamelat1u,primopraelio
1153 1581 1288 1663 rioms,

224 1692 461 1781 interficitur,
478 1691 651 1792 deditque
663 1718 793 1793 poenas
805 1709 844 1765 et
854 1697 1057 1782 Deruetrio,
1069 1717 1179 1792 quem
1192 1692 1288 1761 occi·

226 1801 348 1892 derat,
361 1817 399 1874 et
413 1802 612 1892 Antiocho,
627 1807 730 1903 cujus
746 1807 921 1878 mentitur
939 1807 1115 1903 originem
1129 1802 1257 1875 iuerat.

263 1977 288 2032 3.
310 1977 490 2032 Antiochenses.
516 1979 582 2052 cap.
607 1999 636 2044 1,
657 1981 682 2034 3.
705 2011 740 2024 ·-
781 1976 957 2050 (Alexandro)
974 1995 1076 2050 perere.
1090 2007 1124 2017 -
1138 1977 1290 2027 Demetrr'rm.

225 2059 346 2114 Priori-r...
354 2058 517 2129 pensantes.
530 2059 585 2124 Qui
595 2061 650 2132 jun
663 2059 741 2112 mule·
780 2053 1291 2130 cap.1‚9etn.-Ane0cto.cap1,

228 2136 293 2189 bont
304 2134 338 2188 ad
350 2133 431 2188 iidem
439 2137 508 2209 putri
521 2151 683 2192 commento
694 2137 741 2192 da·
782 2157 809 2209 7.
820 2139 860 2192 De
872 2137 1008 2189 Demetrio
1020 2135 1080 2206 ipro
1092 2132 1223 2186 Nicanore
1236 2128 1293 2184 rid.

229 2229 282 2270 tem
290 2213 388 2282 redire,
396 2233 553 2289 qnantum
561 2219 618 2292 regi
627 2217 743 2292 superbo
782 2216 840 2271 ind.
851 2247 884 2258 -
894 2217 974 2269 Anno
985 2215 1066 2270 Urbis
1077 2215 1138 2269 tot.
