2967 4684
222 303 293 400 390
647 301 859 372 JUSTINI

204 442 279 498 .tcr
301 423 398 496 aliud
413 407 634 521 'opesregni
656 424 868 523 recepisset,
889 445 1000 520 quam
1023 436 1067 493 ut
1086 423 1287 512 amitteret,

222 538 341 608 victus
361 533 500 634 praelio,
519 557 597 606 non
615 535 731 607 multo
751 559 861 633 quam
879 548 963 632 post
980 531 1206 632 naufragium
1225 559 1289 606 co·

192 655 211 710 ’θ
225 649 396 736 mitatior,
404 647 567 747 trepidus
578 646 810 718 Antiochiam
821 642 995 744 confugit.
1004 643 1096 716 Inde
1106 644 1153 716 ad
1164 647 1291 716 Antio-

225 759 336 830 chum
354 757 503 832 fratrem
519 759 640 831 literas
655 755 761 830 facit:
778 756 914 856 quibus
930 755 1103 828 auxilium
1119 757 1196 852 ejus
1216 757 1291 825 im-

226 871 363 970 plorat,
382 871 502 942 oblata
523 871 556 942 ei
582 871 683 960 Asia,
702 871 799 940 inter
824 866 917 940 fines
939 868 1049 940 Tauri
1072 868 1230 955 montis,
1251 868 1293 936 in

198 985 415 1082 rpraemium
444 982 523 1055 latae
554 983 644 1082 opis
673 978 875 1054 Antiochus
904 994 1025 1051 autem
1056 1001 1170 1077 quum
1199 991 1294 1048 esset

228 1119 347 1165 annos
362 1119 425 1164 xtv
444 1109 568 1182 natus,
582 1117 691 1191 supra
704 1105 845 1163 atatem
860 1091 965 1188 regni
979 1089 1123 1179 avidus,
1137 1091 1295 1160 occasio·

229 1229 314 1275 nem
332 1229 411 1276 non
428 1217 501 1276 tam
517 1205 579 1304 pio
597 1205 736 1292 animo,
752 1225 862 1301 quam
875 1199 1110 1288 offerebatur,
1122 1200 1294 1300 arripuit:

229 1315 293 1388 sed
310 1315 462 1388 latronis
481 1341 598 1403 more,
613 1327 730 1387 toturn
749 1313 853 1387 fratri
867 1315 1008 1412 eripere
1022 1314 1190 1412 cupiens,
1203 1333 1297 1410 puer

202 1426 439 1499 asceleratam
456 1427 668 1523 virilemque
686 1426 796 1496 sumit
812 1425 1008 1497 audaciam.
1025 1423 1134 1496 Unde
1152 1427 1297 1494 Hieraa:

230 1549 284 1608 est
306 1535 610 1634 cognominatus:
628 1537 713 1633 quia
734 1561 813 1607 non
835 1535 1014 1624 hominis,
1032 1534 1096 1607 sed
1117 1534 1299 1633 accipitris

204 1649 324 1734 eritn,
346 1651 385 1718 in
411 1647 537 1718 alienis
561 1647 758 1747 eripiendis
783 1651 894 1718 vitam
921 1661 1129 1720 sectaretur.
1154 1649 1300 1716 Interea

232 1758 445 1830 Ptolemaeus
460 1763 668 1858 Evergetes,
686 1783 801 1857 quum
823 1759 1045 1832 Antiochum
1067 1762 1107 1829 in
1125 1756 1321 1829 auxilium

232 1868 381 1940 Seleuco
399 1871 524 1942 venire
542 1872 788 1968 cognovisset,
802 1896 851 1943 ne
864 1895 950 1944 cum
966 1870 1111 1942 duobus
1122 1893 1201 1940 uno
1214 1882 1301 1939 tem·

234 2004 324 2079 pore
343 1979 550 2069 dimicaret,
567 1984 606 2052 in
623 2007 742 2055 annos
759 1983 887 2054 decem
905 2007 989 2054 curn
1008 1982 1157 2054 Seleuco
1173 2002 1302 2078 pacem

194 2089 341 2180 refacit3
363 2092 427 2163 sed
452 2117 522 2192 pax
546 2092 593 2164 ab
616 2092 721 2164 hoste
745 2093 829 2164 data
851 2091 1143 2191 interpellatura
1168 2088 1301 2161 hauet

237 2206 324 2300 qui,
347 2201 534 2274 conducto
560 2203 748 2275 Gallorum
774 2205 1003 2274 mercenario
1027 2203 1211 2290 exercitu,
1233 2223 1302 2299 pro

237 2313 371 2386 auxilio
385 2311 541 2402 bellum,
555 2338 628 2412 pro
637 2313 747 2385 fratre
760 2313 904 2386 hostem
920 2339 960 2386 se
972 2313 1187 2410 imploratus
1203 2311 1305 2382 erhi-

196 2457 223 2492 tt
239 2423 329 2494 buit.
352 2425 397 2494 In
419 2447 464 2495 eo
489 2423 612 2523 praelio
637 2427 771 2497 virtute
797 2425 984 2497 Gallorum
1014 2427 1132 2495 victor
1157 2424 1306 2522 quidem

240 2533 444 2606 Antiochus
466 2533 535 2607 fuit
551 2547 564 2605 ¹:
589 2535 655 2607 sed
674 2537 787 2626 Galli,
809 2536 1025 2608 arbitrantes
1051 2535 1237 2608 Seleucum
1263 2535 1305 2603 in

242 2646 365 2746 praelio
383 2646 553 2718 cecidisse
563 2649 630 2730 ,in
643 2649 774 2746 ipsum
797 2648 1019 2720 Antiochum
1033 2673 1131 2720 arma
1147 2659 1307 2732 vertere,

242 2755 392 2828 liberius
414 2756 668 2855 depopulaturi
689 2761 828 2847 Asiam,
849 2761 879 2830 si
901 2783 1050 2830 omnem
1071 2759 1218 2855 stirpem
1242 2779 1308 2826 re-

200 2901 230 2935 u
244 2869 339 2963 giam
357 2868 619 2938 exstinxissent.
634 2868 743 2959 Quod
760 2869 825 2941 uhi
845 2871 958 2941 sensit
977 2868 1196 2957 Antiochus,
1209 2865 1309 2938 velut

246 3001 267 3046 a
292 2976 546 3075 praedonibus,
565 3003 653 3050 auro
678 3005 716 3051 se
739 2979 903 3066 redimit,
923 2983 1203 3076 societatemque
1225 3001 1308 3049 cum

245 3091 478 3161 mercenariis
492 3092 564 3162 suis
575 3091 705 3190 jungit.

221 3232 231 3267 t
294 3203 357 3273 ΙΙΙ.
368 3205 512 3273 Interea
524 3227 588 3274 rex
600 3202 778 3299 Bithyniae
791 3208 987 3290 Eumenes,
998 3202 1130 3299 sparsis
1144 3223 1311 3272 consum·

247 3315 365 3412 tisque
391 3311 563 3385 fratribus
587 3307 683 3386 hello
707 3316 885 3386 intestinae
909 3312 1113 3402 discordiae,
1131 3312 1233 3412 quasi
1251 3333 1310 3380 va-

284 3470 310 3522 5.
321 3473 379 3521 Noa
390 3469 463 3521 malta
474 3471 686 3524 comitatior.Non
698 3489 760 3524 cunr
836 3490 862 3538 9.
885 3475 943 3522 Cum
962 3470 1056 3522 hobus
1077 3490 1126 3523 uae
1146 3483 1257 3543 tempore.
1275 3469 1314 3524 Ut

249 3549 337 3604 multo.
359 3549 480 3620 pluribus
507 3549 576 3620 fugae
603 3549 760 3616 comitibus,
802 3548 941 3614 v1,1‚2.

249 3645 328 3698 quam
340 3641 400 3699 post
413 3628 579 3698 ruulragium
591 3630 615 3696 S.
629 3647 653 3680 a.
839 3646 880 3680 ro.
895 3627 1027 3680 Gallorum.
1044 3626 1156 3699 Respice
1172 3627 1261 3692 XXV,
1280 3645 1312 3692 a,

285 3710 311 3758 6.
323 3707 475 3760 Antiochou.
493 3707 659 3778 Cognomine
672 3709 760 3758 Hiem-
802 3709 827 3762 8.
839 3737 874 3747 -—
886 3708 965 3758 Anno
977 3705 1058 3758 Urbis
1071 3709 1130 3759 512.

164 3795 166 3802 ·
251 3786 337 3851 rems.
351 3787 374 3838 8.
839 3802 880 3838 ιι.
904 3785 1083 3857 Depopulaturi.
1105 3783 1267 3836 Arbitrantes
1287 3799 1315 3834 se

286 3864 312 3914 8.
325 3865 405 3914 Vitam
413 3877 462 3917 etc.
471 3865 579 3918 Victum
590 3866 631 3932 (ut
644 3863 697 3930 Xl,
713 3863 761 3929 15,
802 3862 1009 3935 depopulaturos
1020 3873 1128 3927 esse,ut
1137 3861 1235 3926 xxa,
1247 3867 1278 3925 A,
1289 3867 1313 3924 4.

252 3941 284 4008 8)
303 3949 444 4006 sectaretur,
463 3954 591 4014 quaereret
607 3946 669 4005 ritu,
688 3959 762 3995 more
838 3941 894 3994 111.
910 3961 933 3994 r.
945 3941 1076 3993 Fratribus.
1087 3941 1198 3994 Seleuco
1211 3952 1237 3991 et
1249 3938 1315 3990 Hie·

251 4016 383 4089 accipitris
409 4021 492 4070 alt'eais
517 4020 654 4092 ariolandi,
678 4021 762 4075 aliena
801 4039 870 4073 racc.
881 4021 1013 4073 Eumenes
1024 4031 1175 4072 autemnon
1187 4016 1316 4089 Bithynia

252 4095 469 4166 eripientis,aliis
482 4115 528 4150 sua
539 4098 683 4172 eripientis.
803 4117 849 4152 rex
869 4099 933 4163 fuit,
954 4099 1000 4152 sed
1023 4101 1135 4169 Pergami
1160 4115 1210 4169 per
1231 4112 1316 4148 anuos
