2967 4684
220 340 288 413 272
638 317 848 391 IUSTINI
941 328 943 331 ’

217 457 318 537 gatos
334 441 445 539 petit:
460 442 524 539 qui
541 465 654 538 quum
667 444 791 513 venire
811 464 894 513 cum
911 440 1071 511 exercitu
1087 439 1274 511 nuntiatus

218 567 328 638 esset,
340 550 437 623 obvii
450 552 484 622 ei
499 550 733 623 Athenienses
743 578 827 623 cum
838 548 1022 622 instructis
1034 551 1147 646 copiis
1158 546 1273 637 luere,

218 660 344 758 ibique
362 663 519 759 equestri
536 662 675 761 praelio,
690 664 787 759 gravi
804 661 954 733 vulnere
971 662 1063 731 ictus
1081 660 1274 757 exstingui-

174 782 207 834 ιδ
219 784 288 842 tur.
303 774 505 871 Antipater,
518 774 657 843 tametsi
670 773 799 844 auxilia
811 796 875 843 sua
886 770 1023 843 videret
1035 772 1146 859 victa,
1158 785 1275 843 morte

220 896 340 954 tamen
357 884 508 953 Leonati
525 882 662 954 laetatus
676 898 731 953 est
746 911 753 953 ε
770 884 904 981 quippe
920 895 956 953 et
972 881 1140 952 aemulum
1158 880 1275 953 subla·

176 1010 209 1060 ιθ
221 1006 317 1082 tum,
332 1008 369 1066 et
384 996 477 1065 vires
491 995 567 1089 ejus
586 996 777 1065 accessisse
795 993 863 1063 sibi
883 989 1135 1089 gratulabatur.
1151 992 1276 1061 Statim

219 1103 329 1199 igitur
344 1106 504 1174 exercitu
518 1106 595 1199 ejus
608 1117 773 1201 recepto,
785 1126 899 1200 quum
912 1125 978 1200 par
991 1100 1158 1173 hostibus
1170 1102 1276 1172 etiam

220 1214 343 1312 praelio
362 1213 563 1302 videretur,
579 1214 718 1285 solutus
739 1212 949 1300 obsidione,
965 1214 1005 1281 in
1025 1209 1277 1282 Macedoniam

175 1354 208 1408 ¹7
221 1327 408 1397 consessit.
426 1330 636 1397 Graecorum
658 1349 807 1422 quoque
829 1326 960 1423 copiae,
975 1321 1113 1395 finibus
1133 1325 1277 1394 Graeciae

221 1436 326 1508 hoste
343 1438 463 1536 pulso,
478 1439 519 1506 in
535 1435 646 1507 urbes
663 1434 817 1534 dilapsae.

193 1578 206 1613 ι
268 1552 324 1619 Vl.
337 1555 482 1620 Interea
499 1545 702 1634 Perdiccas,
716 1545 815 1617 bello
835 1544 1030 1633 Ariarathi,
1046 1545 1122 1641 regi
1140 1547 1278 1642 Cappa·

221 1655 375 1745 docum,
394 1658 511 1744 illato,
528 1656 723 1755 praelioque
739 1657 874 1742 victor,
886 1654 979 1724 nihil
997 1655 1133 1752 praemii
1151 1670 1279 1753 praeter

193 1767 372 1837 ‚vulnera
390 1782 427 1838 et
447 1766 607 1865 pericula
625 1767 756 1839 retulit.
775 1767 919 1865 Quippe
940 1766 1063 1837 hostes
1081 1764 1127 1837 ab
1145 1768 1220 1837 acie
1238 1768 1278 1838 in

216 1875 351 1948 urbem
372 1880 528 1975 recepti,
545 1880 673 1950 occisis
695 1876 911 1976 conjugibus
932 1892 968 1949 et
988 1876 1131 1966 liberis,
1152 1877 1279 1949 domos

193 1989 376 2084 aquisque
389 2013 469 2060 suas
483 2013 567 2060 cum
580 1989 751 2061 omnibus
760 1990 874 2087 copiis
882 1989 1135 2062 incenderunt.
1144 1988 1280 2059 Eodem

221 2100 400 2193 congestis
412 2100 519 2169 etiam
535 2101 701 2188 servitiis,
713 2115 750 2171 et
765 2102 974 2201 semetipsos
988 2100 1230 2198 praecipitant,
1240 2112 1281 2169 ut

221 2206 314 2277 nihil
341 2206 455 2280 bostis
480 2210 598 2281 victor
624 2235 770 2282 suarum
797 2236 943 2301 rerum,
965 2226 1094 2311 praeter
1120 2209 1280 2283 incendii

194 2320 425 2419 aspectacula
452 2318 643 2392 frueretur.
668 2320 778 2411 Inde,
802 2337 844 2396 ut
871 2322 1008 2393 viribus
1033 2323 1281 2393 auctoritatem

220 2432 355 2528 regiam
384 2429 613 2528 adquireret,
645 2432 690 2503 ad
723 2435 870 2531 nuptias
901 2433 1120 2532 Cleopatrae,
1148 2433 1283 2503 sororis

222 2540 414 2612 Alexandri
428 2544 565 2638 Magni,
579 2558 616 2613 et
627 2542 774 2614 alterius
787 2543 981 2615 Alexandri
994 2541 1180 2641 quondam
1192 2565 1280 2610 uxo-

222 2652 289 2735 ris,
298 2675 376 2721 uon
386 2650 628 2749 adspernante
638 2653 867 2752 Olympiade,
877 2668 989 2726 matre
1002 2656 1095 2750 ejus,
1105 2649 1279 2722 intendit:

195 2757 287 2839 ssed
300 2760 400 2856 prius
415 2762 661 2858 Antipatrum,
675 2762 743 2833 sub
759 2763 953 2836 adfinitatis
969 2764 1137 2853 obtentu,
1153 2784 1281 2860 capere

223 2997 266 3051 bis
278 2996 389 3051 ducibus
400 2998 464 3053 victi
478 3017 569 3072 paoem
581 3001 732 3073 impetrant.
775 3004 821 3067 11,
838 3005 884 3068 rt,
899 3006 948 3070 263
960 3004 1070 3075 Ioseph.
1083 3002 1118 3056 de
1133 2998 1207 3055 Bello
1219 3000 1281 3054 Jud.

260 3076 311 3129 VI.
331 3095 354 3129 r.
373 3084 467 3129 Interea
484 3092 536 3132 etc.
554 3081 632 3134 Conl.
652 3080 731 3135 Diod.
774 3080 827 3147 Vl,
836 3082 948 3155 dlltquae
957 3084 1014 3136 loca
1024 3080 1103 3135 debes
1112 3082 1282 3135 Berneccero.

223 3152 340 3218 xvttt,
356 3159 396 3208 16.
409 3156 580 3229 Cappadocia
591 3171 691 3225 autem,
705 3162 733 3213 in
810 3160 834 3212 3.
849 3164 959 3214 Servilio,
973 3161 1004 3214 ld
1019 3174 1058 3214 est
1070 3159 1167 3227 servis,
1183 3158 1283 3211 manci·

222 3233 486 3306 provincinlormam
492 3236 616 3303 redacta,
624 3240 734 3311 preficit
773 3238 834 3309 piis.
845 3238 936 3293 Plures
949 3239 1010 3292 edd.
1022 3257 1073 3309 pro
1084 3240 1189 3299 servitiis,
1202 3236 1284 3308 opilio

222 3312 309 3365 vietor
320 3312 464 3365 Eumenem
475 3316 548 3388 (esp.
560 3322 589 3382 4,
601 3320 658 3387 16).
667 3320 734 3382 Quo
774 3316 880 3370 habent.
890 3348 924 3358 -
936 3318 1082 3389 Spectacula.
1096 3318 1150 3369 Aut
1161 3326 1283 3386 spectacu-

223 3403 310 3443 antem
322 3392 346 3458 ς.
363 3390 408 3444 a·3
421 3405 522 3459 narrat,
535 3412 590 3447 non
606 3395 651 3447 bic
663 3396 733 3448 acci·
774 3395 823 3446 lion
832 3407 862 3447 ut
877 3396 975 3449 babent
989 3395 1110 3467 plerique
1124 3394 1216 3457 MSS..
1229 3411 1283 3445 non

222 3466 732 3540 derumsedinpisidialuuriceoiod.
773 3486 860 3527 autern
886 3476 1037 3546 spectwulo,
1070 3489 1227 3544 quamquam
1252 3490 1284 3523 ex

222 3542 339 3613 xvul,
354 3567 397 3600 aa.
408 3578 443 3588 -—
453 3550 530 3602 Anno
541 3552 622 3604 Urbis
635 3552 696 3615 aar.
776 3552 949 3623 grammatice
963 3551 1108 3605 canonibus
1122 3549 1216 3601 melius
1232 3549 1285 3601 hoc

258 3643 283 3676 a.
305 3629 392 3697 Copiis.
417 3626 475 3679 Hoc
497 3640 537 3681 est
557 3646 661 3681 annona
684 3648 732 3683 seu
772 3629 888 3685 ridetur.
904 3650 950 3683 sn.

224 3715 379 3755 commeatu.
392 3722 486 3757 m.-
501 3707 542 3759 De
554 3726 584 3759 re
596 3720 683 3759 autem
696 3708 732 3760 si·
808 3716 833 3773 4.
848 3710 891 3762 Ad
902 3712 997 3783 ineptias
1015 3710 1160 3781 Cleopatroe,
1178 3719 1227 3760 etc.
1245 3706 1285 3758 De

223 3778 296 3830 milia
315 3778 504 3851 desperationis
524 3786 644 3856 exempla
662 3784 731 3838 rele-
772 3806 801 3841 re
814 3789 886 3841 conl.
903 3787 984 3842 Diod.
1002 3784 1286 3851 xv111,23-25.De

224 3868 288 3911 mut
300 3858 424 3930 Xenopb.
433 3862 516 3914 Anab.
528 3862 580 3927 IV,
593 3880 625 3934 73
638 3864 730 3937 Polyb.
776 3868 902 3940 Cleopatra
914 3866 1015 3939 respice
1028 3866 1085 3931 lx,
1098 3868 1127 3931 6,
1142 3883 1165 3918 1.
1176 3894 1211 3905 —-
1220 3863 1286 3914 Atre-

224 3932 307 3999 xv1,
322 3936 371 3999 163
384 3936 443 3991 Liv.
456 3938 538 4005 XLI,
557 3959 604 4004 ¹13
621 3943 690 3995 Plnt.
704 3943 733 3996 in
772 3947 822 3995 rius
837 3946 982 3997 Alexandri.
996 3944 1050 4011 Qui
1066 3941 1214 3997 Alexander
1232 3952 1287 3993 erat

224 4012 307 4065 Bffll⁰
325 4030 383 4083 ὓ81)·
402 4017 448 4079 46ἰ
466 4016 558 4071 Livius
575 4018 662 4085 XXI,
682 4028 730 4087 τάς
771 4040 818 4076 rex
831 4024 1017 4096 Epirotarum,
1031 4024 1059 4075 in
1081 4022 1155 4074 Italia
1169 4018 1286 4081 occisus,

225 4088 366 4157 XXVIII,
385 4110 437 4159 ²²3
457 4094 528 4151 Ποῖ·
545 4096 594 4163 Π,
614 4099 662 4167 1⁵,
680 4100 730 4169 283
773 4104 805 4157 A.
818 4104 853 4161 U.
864 4106 927 4169 428,
938 4121 1016 4176 supra
1024 4101 1112 4167 vul,
1123 4102 1154 4165 6,
1170 4103 1252 4161 Anot.
