2967 4684
229 318 297 406 342
649 320 667 387 J
675 316 859 389 USTINI

201 442 389 539 §cogitatu
403 440 574 513 Contenti
592 442 713 537 itaque
732 436 955 527 cohibuisse,
971 436 1119 512 decreto
1135 440 1293 514 modum

227 553 437 649 nuptiarum
458 548 634 622 sumtibus
660 563 845 637 statuunt;
865 547 976 646 idque
1001 547 1185 621 observari
1208 578 1288 625 non

228 661 274 733 ab
293 688 386 751 uno,
404 660 467 733 sed
486 661 532 733 ab
549 662 725 743 universis
747 659 898 756 jubent,
916 685 964 731 ne
986 684 1141 760 persona
1166 662 1289 760 desig-

200 788 332 861 enata,
348 772 410 844 sed
429 773 512 843 vitia
529 785 691 845 correcta
704 770 923 842 viderentur.
937 777 1016 843 Hoc
1030 772 1182 844 consilio
1198 799 1294 872 prae-,

200 902 204 913 ·
228 898 376 972 ventus,
399 886 528 955 iterum
556 884 697 955 servitia
724 883 905 969 concitat,
930 898 1134 981 statutaque
1163 908 1289 956 rursus

230 995 380 1067 caedium
393 995 467 1084 die,
479 1018 591 1093 quum
607 993 728 1065 denuo
743 1018 781 1065 se
794 993 979 1092 proditum
992 993 1146 1082 videret,
1156 996 1290 1067 timens

226 1104 421 1199 judicium,
440 1106 621 1179 munitum
643 1103 828 1202 quoddam
853 1103 1037 1176 castellum
1062 1130 1147 1177 cum
1162 1106 1291 1202 viginti

201 1215 388 1300 7millibus
417 1240 603 1290 servorum
630 1217 775 1287 armatis
800 1230 964 1315 occupat.
983 1215 1039 1287 Ibi
1069 1216 1157 1287 dum
1186 1214 1292 1289 Afros

229 1350 424 1426 regemque
460 1332 669 1400 Maurorum
705 1328 885 1415 concitat,
919 1328 1079 1423 capitur,
1109 1328 1292 1426 virgisque

219 1464 361 1534 cassus,
373 1436 513 1511 effossis
527 1437 659 1525 oculis,
670 1451 706 1509 et
720 1426 889 1511 manibus
903 1438 1143 1538 cruribusque
1155 1436 1293 1527 fractis,

230 1548 327 1621 velut
346 1574 366 1621 a
384 1549 531 1647 singulis
550 1545 722 1619 membris
740 1572 858 1646 poenae
881 1551 1128 1647 exigerentur,
1144 1549 1184 1619 in
1202 1570 1292 1619 con·

211 1676 356 1757 ,spectu
375 1658 501 1757 populi
519 1658 721 1730 occiditur:
740 1682 874 1755 corpus
899 1658 1111 1731 verberibus
1134 1658 1292 1730 lacerum

99 1860 102 1865 Ι
203 1788 219 1839 t
232 1771 269 1839 in
283 1794 390 1839 cruce
403 1766 535 1864 figitur.
549 1768 626 1837 Filii
641 1793 789 1863 quoque
801 1770 1019 1865 cognatique
1033 1794 1177 1857 omnes,
1186 1772 1293 1841 etiam
1347 1855 1352 1868 Ι

230 1880 387 1967 innoxii,
400 1877 577 1977 supplicio
593 1876 805 1963 traduntur,
818 1879 1070 1976 nequisquam
1083 1880 1201 1951 autad
1215 1882 1294 1951 imi-

231 1990 383 2062 tandum
406 1990 539 2075 scelus,
559 2002 621 2060 aut
638 1986 683 2057 ad
704 2002 859 2057 mortem
878 1986 1143 2078 ulciscendam,
1157 2014 1202 2061 ex
1219 2005 1293 2061 tam

233 2097 370 2172 nefaria
386 2099 496 2171 domo
515 2112 727 2199 superesset.

206 2244 218 2278 1
281 2216 320 2285 V.
334 2218 476 2283 Interea
490 2211 685 2307 Dionysius
698 2212 882 2306 Syracusis
894 2223 1081 2310 receptus,
1091 2237 1205 2311 quum
1219 2237 1296 2309 gra·

233 2324 312 2394 vior
327 2322 579 2420 crudeliorque
592 2322 631 2393 in
645 2320 721 2395 dies
736 2321 869 2393 civitati
885 2335 996 2410 esset,
1010 2323 1137 2394 iterata
1151 2326 1297 2422 conspi-

208 2436 396 2524 sratione,
424 2433 620 2507 obsidetur.
647 2437 753 2505 Tunc
781 2427 947 2532 deposito
976 2434 1150 2532 imperio,
1176 2459 1296 2507 arcem

235 2545 466 2641 Syracusanis
486 2568 569 2616 cum
589 2545 750 2616 exercitu
770 2543 898 2632 tradit;
916 2559 1135 2643 receptoque
1155 2548 1297 2643 privato

207 2674 223 2727 3
235 2658 495 2744 instrumento,
509 2653 727 2727 Corinthum
740 2656 780 2725 in
793 2654 957 2725 exsilium
972 2652 1220 2754 proficiscitur.
1236 2652 1297 2730 lbi

234 2766 433 2837 humillima
448 2790 599 2864 quaeque
615 2767 791 2838 tutissima
805 2766 1027 2855 existimans,
1038 2768 1078 2835 in
1093 2764 1296 2837 sordidissi-

235 2936 319 3003 XIV,
333 2942 365 3004 63
388 2938 456 2991 Hirr.
478 2938 529 3003 IV,
552 2940 600 3004 563
617 2938 742 3011 Xenoph.
819 2936 846 2990 8.
861 2938 949 2990 Seelrss.
963 2934 1032 2990 Edd.
1045 2935 1124 3008 antiq.
1135 2936 1295 3002 sexsacr’nus.

235 3017 305 3068 Hell.
321 3016 365 3081 ll,
379 3034 402 3069 r.
417 3048 450 3057 -
465 3019 543 3069 Dore
557 3028 641 3069 autem
651 3055 660 3081 ,
672 3034 706 3069 ne
722 3017 745 3069 si
819 3016 1297 3088 V.1.1otereaDionysiusetc.llespioe

143 3102 149 3123 ¹
234 3096 276 3149 vir
285 3106 337 3146 tem
346 3106 440 3165 potens
449 3093 550 3147 videret
560 3112 636 3147 suum
645 3095 746 3149 crimen
785 3110 841 3151 not.
856 3111 923 3151 extr.
943 3098 977 3151 ad
991 3118 1048 3171 cap.
1069 3099 1186 3163 3,1‚et
1206 3098 1297 3151 nouler

234 3173 357 3225 omnibus
370 3172 520 3244 cognitum,
534 3184 597 3225 tunc
610 3174 745 3240 (exsolutis
786 3176 841 3229 cic.
853 3176 886 3230 ad
899 3178 952 3229 Att.
965 3177 1020 3242 IX,
1034 3194 1063 3245 93
1076 3178 1156 3229 Tusc.
1169 3176 1230 3241 Ill,
1251 3195 1296 3241 ιη

233 3249 333 3320 frenis)
347 3252 429 3322 majus
437 3251 587 3323 reipublicae
598 3252 745 3322 periculum
786 3252 952 3307 Volener.
964 3252 1300 3322 v1‚9;Quintit.vttl‚6.'

235 3330 347 3395 feceret,
367 3347 445 3401 quam
463 3348 545 3401 quum
564 3329 629 3382 illud
645 3330 745 3385 crimen
785 3362 818 3373 -
830 3333 1094 3406 Receptru.Syracusis
1100 3344 1221 3403 receptus
1231 3332 1296 3383 Dio-

235 3407 344 3476 (dubius
358 3406 455 3477 adhue)
469 3406 644 3461 meditaretur.
659 3428 703 3462 sn.
784 3411 875 3481 nysius
881 3409 934 3463 dici
943 3422 1041 3480 potest,
1050 3410 1096 3481 qui
1105 3410 1199 3463 urbem
1208 3428 1297 3481 recep.

271 3488 297 3541 5.
315 3492 433 3541 correcta.
453 3485 521 3540 Edd.
542 3487 623 3559 antiq.
645 3502 744 3561 septem
785 3505 842 3558 cap.
858 3489 889 3553 3,
908 3506 958 3558 rol:
972 3506 1030 3560 qne
1047 3487 1156 3559 quidem
1168 3488 1297 3559 posterior

236 3578 356 3637 correpto,
380 3567 499 3637 gravius,
521 3584 601 3638 quem
623 3586 664 3620 res
684 3568 742 3620 lert.
784 3566 887 3637 phrasis
900 3567 955 3638 ipsa
969 3567 1037 3619 inest
1054 3567 1084 3619 in
1100 3568 1161 3621 leet.
1182 3562 1298 3619 duorum

236 3644 433 3709 Confer,verhi
444 3664 546 3713 muna,
558 3646 647 3700 Horat.
659 3644 743 3701 Serm.
785 3644 864 3698 codd.
881 3648 992 3716 receptis,
1011 3642 1085 3717 quod
1104 3644 1193 3717 ipsum
1211 3644 1296 3697 Gron.

236 3722 266 3773 ΙΙ
276 3760 285 3787 ,
297 3724 329 3788 3,
344 3744 369 3776 v.
386 3724 445 3796 ²⁵7·
785 3736 860 3794 pater
874 3728 1031 3795 conjecerat.

271 3820 295 3869 7.
305 3802 407 3866 Afros...
417 3808 564 3855 Maurorum.
573 3800 650 3855 cont.
662 3800 745 3867 XIX,
822 3822 846 3855 r.
860 3809 1014 3875 Receptoque.
1036 3799 1069 3853 td
1091 3811 1146 3862 est,
1169 3812 1296 3871 excepto,

236 3896 266 3941 r,
281 3884 479 3941 Idaeum.
491 3880 568 3935 MSS.
580 3882 667 3951 plures
679 3880 743 3932 locr-
783 3892 903 3946 retento,
926 3893 957 3935 nt
977 3899 1056 3933 rervm
1073 3882 1205 3949 receptitirrs
1224 3875 1297 3949 apud

236 3966 321 4006 ναίω.
329 3956 427 4009 Confer
438 3958 535 4023 XXII,
545 3978 569 4030 7,
579 3977 625 4022 ro,
637 3970 664 4010 et
675 3958 742 4011 Plin.
784 3958 853 4013 Gell.
867 3959 965 4023 xvtt,
978 3964 1005 4025 ⁶3
1015 3960 1071 4012 Cic.
1083 3958 1131 4011 Or.
1143 3956 1243 4019 11.55,
1254 3974 1295 4008 ro.

236 4032 323 4097 Vlll,
340 4036 381 4084 16.
395 4064 428 4074 —
440 4042 471 4087 In
484 4054 560 4088 cruce.
574 4036 664 4089 Plures
672 4034 743 4091 Edd.
818 4038 1103 4109 teneamusque
1116 4037 1240 4086 tutissimo.
1255 4034 1294 4084 Itr

236 4116 261 4163 itt
274 4130 375 4165 crucem·
389 4128 434 4163 ¹⁰·
783 4116 873 4171 Senec.
881 4115 964 4187 Epist
975 4116 1037 4169 105:
1049 4113 1120 4165 Mrdti
1127 4116 1151 4163 r'n
1160 4121 1294 4181 contemptu
