2967 4684
200 290 271 365 286
623 297 641 363 J
652 292 834 361 USTINI

199 416 339 502 mariti,
355 438 420 487 seu
436 414 688 513 magnitudine
706 412 789 499 lilii,
809 428 845 483 et
866 410 1079 509 indignitate
1101 412 1153 483 rei
1174 410 1265 483 moti

201 526 438 615 Macedones,
449 527 495 599 ad
511 524 764 623 Olympiadem
784 523 978 595 transiere:
994 523 1096 619 cujus
1109 523 1212 618 jussu
1229 536 1265 593 et

201 637 397 734 Eurydice,
409 654 445 709 et
457 664 521 711 rex
532 636 724 726 occiditur,
734 660 797 707 sex
810 636 914 707 annis
926 648 1009 734 post
1021 632 1265 705 Alexandrum

203 751 340 849 potitus
355 774 478 847 regno.

177 887 190 924 1
252 864 311 930 Vl.
335 858 404 931 Sed
432 885 501 931 nec
528 858 715 957 Olympias
742 858 806 929 diu
836 858 1006 953 regnavit.
1034 858 1126 927 Nam
1155 878 1268 951 quum

205 970 413 1069 principum
429 971 560 1067 passim
576 968 707 1056 caedes,
720 967 888 1039 muliebri
902 968 1033 1063 magis,
1046 966 1268 1063 quamregio

178 1105 308 1151 amore
334 1078 495 1170 fecisset,
519 1079 680 1151 favorem
706 1080 762 1151 sui
789 1082 827 1149 in
853 1077 977 1149 odium
1002 1078 1117 1149 vertit
1141 1082 1269 1173 Itaque

208 1191 332 1263 audito
348 1191 538 1265 Cassandri
557 1190 734 1277 adventu,
751 1188 868 1261 diffisa
890 1186 1169 1271 Macedonibus,
1187 1210 1271 1257 cum

209 1327 306 1375 nuru
320 1307 471 1373 Roxane
487 1316 524 1373 et
540 1315 676 1399 nepote
692 1298 899 1397 [Hercule],
912 1301 950 1369 in
964 1300 1128 1395 Pydnam
1141 1296 1272 1369 urbem

181 1412 391 1485 sconcedit.
410 1408 659 1483 Proficiscenti
676 1410 879 1497 Deidamia,
899 1410 1050 1480 AEacidae
1067 1410 1160 1506 regis
1181 1406 1273 1494 filia,

210 1538 248 1595 et
259 1521 512 1592 Thessalonice
526 1520 707 1618 privigna,
722 1533 760 1589 et
779 1522 855 1616 ipsa
874 1520 968 1592 clara
989 1519 1145 1618 Philippi
1164 1522 1275 1617 patris

212 1634 383 1716 nomine,
400 1630 595 1728 multaeque
613 1630 688 1701 aliae
706 1632 915 1729 principum
932 1646 1121 1719 matronae,
1136 1632 1275 1729 specio-

113 1763 119 1793 ·-
156 1745 158 1750 ’
185 1762 201 1821 a
214 1762 274 1808 sus
289 1736 401 1832 magis
414 1760 524 1833 quam
539 1735 636 1807 utilis
650 1760 755 1833 grex,
769 1737 919 1807 comites
934 1734 1046 1807 fuere.
1061 1740 1145 1808 llaec
1162 1760 1276 1834 quum

216 1847 382 1919 nuntiata
394 1846 597 1921 Cassandro
613 1862 753 1936 essent,
767 1833 904 1935 statim,
919 1848 1027 1919 citato
1045 1872 1168 1934 cursu,
1184 1845 1276 1943 Pyd-

188 1980 301 2034 5nam
326 1958 446 2046 venit,
467 1971 503 2029 et
527 1958 658 2031 urbem
682 1956 874 2031 obsidione
899 1960 1020 2055 cingit.
1040 1962 1161 2049 Quum
1184 1956 1278 2029 same

217 2067 388 2166 ferroque
400 2083 590 2165 urgeretur
600 2069 801 2167 Olympias,
812 2069 928 2167 longae
943 2070 1143 2141 obsidionis
1157 2068 1280 2157 taedio,

189 2205 206 2255 6
219 2195 322 2278 pacta
333 2180 463 2269 salute,
474 2181 602 2252 victori
614 2206 652 2253 se
665 2179 822 2251 tradidit.
833 2180 903 2252 Sed
911 2180 1123 2268 Cassander,
1133 2178 1182 2251 ad
1197 2204 1281 2251 con-

218 2295 363 2362 cionem
374 2305 505 2363 vocato
520 2289 674 2390 populo,
688 2292 952 2379 sciscitaturus,
967 2320 984 2355 α
999 2290 1088 2389 quid
1102 2289 1146 2361 de
1160 2290 1282 2386 Olym·

220 2401 324 2501 piade
339 2400 419 2473 fieri
436 2402 566 2497 velint,
578 2432 596 2468 »
609 2400 788 2474 subornat
806 2415 973 2499 parentes
992 2398 1284 2485 interfectorum,

222 2515 302 2609 qui,
321 2528 438 2585 sumta
451 2512 595 2610 lugubri
614 2527 728 2600 veste,
745 2511 992 2583 crudelitatem
1007 2509 1165 2581 mulieris
1180 2532 1284 2579 accu-

194 2638 353 2705 7sarent.
378 2628 407 2694 Α
430 2624 562 2721 quibus
585 2624 728 2694 accensi
756 2620 994 2708 Macedones,
1019 2622 1097 2691 sine
1117 2631 1285 2716 respectu

195 2736 383 2833 apristinae
407 2735 620 2830 majestatis,
644 2731 882 2804 occidendam
909 2730 1139 2802 decernunt:
1160 2730 1285 2798 imme-

224 2868 344 2915 mores
368 2869 532 2943 prorsus,
550 2843 649 2943 quod
667 2868 732 2941 per
748 2840 863 2913 filium
883 2842 960 2938 ejus
979 2842 1190 2938 virumque,
1208 2863 1287 2908 non

226 2952 343 3027 solum
367 2957 475 3025 vitam
501 2957 568 3053 ipsi
593 2956 690 3025 inter
713 2952 888 3025 finitimos
914 2966 1027 3023 tutam
1056 2951 1287 3031 habuissent3

226 3088 354 3136 verum
374 3068 480 3137 etiam
501 3082 619 3137 tantas
637 3090 724 3167 opes
742 3066 1008 3164 imperiumque
1026 3061 1125 3133 orbis
1146 3061 1289 3159 quaesis·

199 3191 318 3259 ssent.
328 3176 397 3248 Sed
408 3176 591 3277 Olympias
600 3176 664 3249 ubi
675 3177 875 3249 obstinatos
885 3177 1009 3246 venire
1023 3174 1118 3245 adse
1132 3189 1289 3245 armatos

228 3375 288 3445 pice
305 3386 362 3429 not.
379 3374 413 3428 ad
432 3376 520 3443 v111,
534 3380 611 3444 6,4,
625 3389 652 3430 et
670 3378 739 3430 inira
781 3378 866 3441 XIX,
889 3376 931 3430 35.
954 3408 988 3419 -·
1010 3382 1119 3429 noeane.
1143 3378 1215 3443 XII,
1241 3377 1292 3443 15,

229 3452 425 3519 xv11,3,1o.
781 3474 812 3523 9;
828 3455 913 3521 xtlt,
931 3475 962 3521 a,
977 3456 1008 3521 5,
1023 3457 1067 3509 ubi
1081 3459 1135 3527 jam
1152 3455 1293 3521 adnotavi,

269 3552 308 3584 ιο.
316 3537 373 3584 Sex.
382 3536 436 3585 Ant
443 3535 532 3605 potius
541 3547 650 3605 septem,
657 3552 740 3605 quum
780 3536 860 3608 liujus
870 3536 955 3589 lilium
968 3536 1048 3589 luisse
1060 3535 1236 3589 Alexandrum
1249 3536 1294 3585 AE·

231 3609 311 3663 Diod.
321 3610 404 3677 xlx,
417 3631 461 3679 11,
473 3625 555 3685 ponat
563 3614 664 3684 olymp.
678 3615 739 3679 115,
782 3634 860 3684 gum,
868 3634 922 3667 non
934 3616 1086 3680 Herculem,
1097 3634 1175 3687 quem
1186 3616 1295 3665 Alexan·

232 3694 265 3751 43
277 3692 308 3740 Α.
319 3691 354 3742 U.
368 3691 427 3763 437.
783 3691 831 3745 der
844 3694 957 3765 suscepit
970 3712 1002 3746 ex
1016 3695 1122 3746 Barsine
1134 3694 1189 3756 XI,
1203 3710 1248 3756 ro,
1261 3691 1292 3755 3;

267 3764 319 3817 Vl.
335 3787 358 3819 ι.
371 3772 514 3839 Ρνὶπῲωη.
533 3770 571 3820 Ut
588 3769 739 3834 Nicanoris,
783 3772 894 3836 xtltfl,
903 3790 927 3843 7;
937 3772 999 3836 XV,
1010 3773 1070 3833 a,3;
1081 3770 1158 3824 Diod.
1166 3771 1241 3833 XIX,
1251 3772 1293 3818 52-

233 3842 279 3913 qui
293 3843 431 3899 Cassandri
444 3847 524 3899 irater
539 3859 602 3899 erat.
615 3846 671 3899 vid.
684 3860 741 3901 not.
819 3851 843 3903 3.
859 3852 968 3922 Philippi.
983 3847 1079 3902 aridai
1093 3853 1117 3918 §.
1134 3850 1172 3902 13.

234 3933 301 3973 extr.
313 3921 346 3973 ad
357 3942 414 3993 cap.
428 3926 457 3989 5,
471 3928 495 3979 3.
507 3956 542 3965 —
554 3930 586 3978 Α.
597 3928 632 3977 U.
647 3928 706 3989 438.
818 3935 875 3998 7.A
880 3928 965 4001 quibas
972 3932 1067 3979 accensi
1073 3941 1121 3979 etc.
1128 3926 1205 3980 Conl.
1213 3922 1294 3977 Diod.

271 4020 296 4053 a.
313 4003 450 4055 Cassandra
465 4006 519 4070 Qui
536 4007 651 4075 Tegeam
671 4005 744 4059 Pelo-
784 4006 863 4072 XIX,
879 4008 969 4074 49-51.

235 4081 348 4151 ponnesi
363 4082 455 4134 urbem
472 4082 620 4150 obsidebat,
632 4084 742 4138 Diodor.
820 4104 845 4159 9.
856 4092 975 4137 Amans.
992 4086 1126 4137 Ducentos
1139 4082 1268 4136 Diodoro.
