<?xml version="1.0" encoding="UTF-8"?>
<!DOCTYPE html PUBLIC "-//W3C//DTD XHTML 1.0 Transitional//EN"
    "http://www.w3.org/TR/xhtml1/DTD/xhtml1-transitional.dtd">
<html xmlns="http://www.w3.org/1999/xhtml" xml:lang="en" lang="en">
 <head>
  <title>
</title>
<meta http-equiv="Content-Type" content="text/html;charset=utf-8" />
  <meta name='ocr-system' content='tesseract 3.04.00' />
  <meta name='ocr-capabilities' content='ocr_page ocr_carea ocr_par ocr_line ocrx_word'/>
</head>
<body>
  <div class='ocr_page' id='page_1' title='image "./justinihistoria00lemagoog_0522.png"; bbox 0 0 2967 4684; ppageno 0'>
   <div class='ocr_carea' id='block_1_1' title="bbox 169 351 1384 3116">
    <p class='ocr_par' dir='ltr' id='par_1_1' title="bbox 342 351 1254 459">
     <span class='ocr_line' id='line_1_1' title="bbox 342 351 1254 459; baseline 0.009 -35"><span class='ocrx_word' id='word_1_1' title='bbox 342 354 721 425; x_wconf 83' lang='lat' dir='ltr'><strong>HISTORIARUM</strong></span> <span class='ocrx_word' id='word_1_2' title='bbox 746 351 905 428; x_wconf 87' lang='lat' dir='ltr'>LIBER</span> <span class='ocrx_word' id='word_1_3' title='bbox 930 361 1119 432; x_wconf 84' lang='lat' dir='ltr'>XXXIX.</span> <span class='ocrx_word' id='word_1_4' title='bbox 1187 353 1254 459; x_wconf 61' lang='lat'><strong>48⁵7</strong></span> 
     </span>
    </p>

    <p class='ocr_par' dir='ltr' id='par_1_2' title="bbox 170 457 1316 1347">
     <span class='ocr_line' id='line_1_2' title="bbox 170 457 1291 584; baseline 0.005 -36"><span class='ocrx_word' id='word_1_5' title='bbox 170 457 174 471; x_wconf 48' lang='lat'>¹</span> <span class='ocrx_word' id='word_1_6' title='bbox 202 501 274 576; x_wconf 86' lang='lat' dir='ltr'><strong>qua</strong></span> <span class='ocrx_word' id='word_1_7' title='bbox 297 492 374 549; x_wconf 87' lang='lat' dir='ltr'><strong>erat</strong></span> <span class='ocrx_word' id='word_1_8' title='bbox 397 477 566 574; x_wconf 84' lang='lat' dir='ltr'>Cyziceni</span> <span class='ocrx_word' id='word_1_9' title='bbox 588 501 682 547; x_wconf 88' lang='lat' dir='ltr'><strong>uxor</strong></span> <span class='ocrx_word' id='word_1_10' title='bbox 702 475 910 576; x_wconf 79' lang='lat' dir='ltr'><strong>Cleopatra,</strong></span> <span class='ocrx_word' id='word_1_11' title='bbox 933 481 1099 562; x_wconf 90' lang='lat' dir='ltr'><strong>obsidere</strong></span> <span class='ocrx_word' id='word_1_12' title='bbox 1126 485 1260 584; x_wconf 86' lang='lat' dir='ltr'><strong>coepit;</strong></span> <span class='ocrx_word' id='word_1_13' title='bbox 1286 493 1291 500; x_wconf 83' lang='grc'><strong>’</strong></span> 
     </span>
     <span class='ocr_line' id='line_1_3' title="bbox 201 585 1260 692; baseline 0.006 -34"><span class='ocrx_word' id='word_1_14' title='bbox 201 613 274 686; x_wconf 91' lang='lat' dir='ltr'><strong>qua</strong></span> <span class='ocrx_word' id='word_1_15' title='bbox 299 603 421 685; x_wconf 86' lang='lat' dir='ltr'><strong>capta,</strong></span> <span class='ocrx_word' id='word_1_16' title='bbox 442 585 662 684; x_wconf 79' lang='lat' dir='ltr'><strong>Tryphaena,</strong></span> <span class='ocrx_word' id='word_1_17' title='bbox 686 611 779 657; x_wconf 83' lang='lat' dir='ltr'><strong>uxor</strong></span> <span class='ocrx_word' id='word_1_18' title='bbox 803 593 937 690; x_wconf 76' lang='lat' dir='ltr'><strong>Grypi,</strong></span> <span class='ocrx_word' id='word_1_19' title='bbox 961 592 1054 664; x_wconf 91' lang='lat' dir='ltr'><strong>nihil</strong></span> <span class='ocrx_word' id='word_1_20' title='bbox 1077 594 1260 692; x_wconf 87' lang='lat' dir='ltr'><strong>antiquius</strong></span> 
     </span>
     <span class='ocr_line' id='line_1_4' title="bbox 201 696 1261 801; baseline 0.004 -31"><span class='ocrx_word' id='word_1_21' title='bbox 201 723 310 795; x_wconf 88' lang='lat' dir='ltr'><strong>quam</strong></span> <span class='ocrx_word' id='word_1_22' title='bbox 327 723 489 770; x_wconf 89' lang='lat' dir='ltr'><strong>sororem</strong></span> <span class='ocrx_word' id='word_1_23' title='bbox 502 696 728 795; x_wconf 86' lang='lat' dir='ltr'><strong>Cleopatram</strong></span> <span class='ocrx_word' id='word_1_24' title='bbox 740 700 877 794; x_wconf 85' lang='lat' dir='ltr'>requiri</span> <span class='ocrx_word' id='word_1_25' title='bbox 890 703 1012 796; x_wconf 86' lang='lat' dir='ltr'><strong>jussit:</strong></span> <span class='ocrx_word' id='word_1_26' title='bbox 1026 727 1104 774; x_wconf 88' lang='lat' dir='ltr'><strong>non</strong></span> <span class='ocrx_word' id='word_1_27' title='bbox 1120 717 1162 774; x_wconf 91' lang='lat' dir='ltr'><strong>ut</strong></span> <span class='ocrx_word' id='word_1_28' title='bbox 1177 727 1261 801; x_wconf 88' lang='lat' dir='ltr'><strong>cap-</strong></span> 
     </span>
     <span class='ocr_line' id='line_1_5' title="bbox 199 804 1262 914; baseline 0.004 -34"><span class='ocrx_word' id='word_1_29' title='bbox 199 811 280 880; x_wconf 84' lang='lat' dir='ltr'><strong>tivae</strong></span> <span class='ocrx_word' id='word_1_30' title='bbox 302 833 410 907; x_wconf 91' lang='lat' dir='ltr'><strong>opem</strong></span> <span class='ocrx_word' id='word_1_31' title='bbox 424 805 560 908; x_wconf 88' lang='lat' dir='ltr'><strong>ferret,</strong></span> <span class='ocrx_word' id='word_1_32' title='bbox 581 806 645 878; x_wconf 88' lang='lat' dir='ltr'><strong>sed</strong></span> <span class='ocrx_word' id='word_1_33' title='bbox 672 831 720 878; x_wconf 90' lang='lat' dir='ltr'><strong>ne</strong></span> <span class='ocrx_word' id='word_1_34' title='bbox 747 804 904 906; x_wconf 81' lang='lat' dir='ltr'><strong>effugere</strong></span> <span class='ocrx_word' id='word_1_35' title='bbox 929 816 1142 914; x_wconf 87' lang='lat' dir='ltr'><strong>captivitatis</strong></span> <span class='ocrx_word' id='word_1_36' title='bbox 1168 814 1262 885; x_wconf 85' lang='lat' dir='ltr'><strong>mala</strong></span> 
     </span>
     <span class='ocr_line' id='line_1_6' title="bbox 200 917 1316 1024; baseline 0.004 -33"><span class='ocrx_word' id='word_1_37' title='bbox 200 933 339 1017; x_wconf 87' lang='lat' dir='ltr'><strong>posset,</strong></span> <span class='ocrx_word' id='word_1_38' title='bbox 357 943 436 1017; x_wconf 73' lang='lat' dir='ltr'><strong>quar</strong></span> <span class='ocrx_word' id='word_1_39' title='bbox 457 921 512 990; x_wconf 87' lang='lat' dir='ltr'><strong>sui</strong></span> <span class='ocrx_word' id='word_1_40' title='bbox 530 917 757 988; x_wconf 74' lang='lat' dir='ltr'><strong>aemulatione</strong></span> <span class='ocrx_word' id='word_1_41' title='bbox 778 919 817 990; x_wconf 91' lang='lat' dir='ltr'><strong>in</strong></span> <span class='ocrx_word' id='word_1_42' title='bbox 840 919 912 991; x_wconf 92' lang='lat' dir='ltr'><strong>hoc</strong></span> <span class='ocrx_word' id='word_1_43' title='bbox 934 926 1159 1021; x_wconf 88' lang='lat' dir='ltr'><strong>potissimum</strong></span> <span class='ocrx_word' id='word_1_44' title='bbox 1173 920 1261 1022; x_wconf 85' lang='lat' dir='ltr'><strong>reg·</strong></span> <span class='ocrx_word' id='word_1_45' title='bbox 1313 1017 1316 1024; x_wconf 18' lang='grc' dir='ltr'><strong>Δ</strong></span> 
     </span>
     <span class='ocr_line' id='line_1_7' title="bbox 201 1028 1262 1126; baseline 0.006 -26"><span class='ocrx_word' id='word_1_46' title='bbox 201 1055 293 1102; x_wconf 90' lang='lat' dir='ltr'><strong>num</strong></span> <span class='ocrx_word' id='word_1_47' title='bbox 311 1031 501 1118; x_wconf 80' lang='lat' dir='ltr'><strong>invaserit,</strong></span> <span class='ocrx_word' id='word_1_48' title='bbox 518 1028 688 1126; x_wconf 85' lang='lat' dir='ltr'><strong>hostique</strong></span> <span class='ocrx_word' id='word_1_49' title='bbox 707 1031 841 1100; x_wconf 86' lang='lat' dir='ltr'><strong>sororis</strong></span> <span class='ocrx_word' id='word_1_50' title='bbox 862 1029 1038 1106; x_wconf 89' lang='lat' dir='ltr'><strong>nubendo</strong></span> <span class='ocrx_word' id='word_1_51' title='bbox 1058 1035 1200 1108; x_wconf 85' lang='lat' dir='ltr'><strong>hostem</strong></span> <span class='ocrx_word' id='word_1_52' title='bbox 1224 1059 1262 1106; x_wconf 91' lang='lat' dir='ltr'><strong>se</strong></span> 
     </span>
     <span class='ocr_line' id='line_1_8' title="bbox 201 1131 1296 1239; baseline 0 -27"><span class='ocrx_word' id='word_1_53' title='bbox 201 1143 278 1238; x_wconf 84' lang='lat' dir='ltr'><strong>ejus</strong></span> <span class='ocrx_word' id='word_1_54' title='bbox 293 1138 463 1214; x_wconf 73' lang='lat' dir='ltr'><strong>effecerit</strong></span> <span class='ocrx_word' id='word_1_55' title='bbox 477 1144 569 1211; x_wconf 89' lang='lat' dir='ltr'><strong>Tum</strong></span> <span class='ocrx_word' id='word_1_56' title='bbox 585 1142 800 1239; x_wconf 87' lang='lat' dir='ltr'><strong>peregrinos</strong></span> <span class='ocrx_word' id='word_1_57' title='bbox 815 1131 993 1213; x_wconf 79' lang='lat' dir='ltr'><strong>exercitus</strong></span> <span class='ocrx_word' id='word_1_58' title='bbox 1008 1145 1048 1212; x_wconf 90' lang='lat' dir='ltr'><strong>in</strong></span> <span class='ocrx_word' id='word_1_59' title='bbox 1065 1149 1262 1217; x_wconf 85' lang='lat' dir='ltr'><strong>certamina</strong></span> <span class='ocrx_word' id='word_1_60' title='bbox 1273 1161 1296 1211; x_wconf 85' lang='lat' dir='ltr'><strong>t·</strong></span> 
     </span>
     <span class='ocr_line' id='line_1_9' title="bbox 200 1249 1263 1347; baseline 0.002 -23"><span class='ocrx_word' id='word_1_61' title='bbox 200 1251 354 1324; x_wconf 81' lang='lat' dir='ltr'><strong>fratrum</strong></span> <span class='ocrx_word' id='word_1_62' title='bbox 378 1251 573 1339; x_wconf 90' lang='lat' dir='ltr'><strong>adductos,</strong></span> <span class='ocrx_word' id='word_1_63' title='bbox 595 1265 674 1322; x_wconf 90' lang='lat' dir='ltr'><strong>tum</strong></span> <span class='ocrx_word' id='word_1_64' title='bbox 697 1249 922 1347; x_wconf 84' lang='lat' dir='ltr'><strong>repudiatam</strong></span> <span class='ocrx_word' id='word_1_65' title='bbox 942 1275 964 1321; x_wconf 88' lang='lat' dir='ltr'><strong>a</strong></span> <span class='ocrx_word' id='word_1_66' title='bbox 986 1249 1115 1341; x_wconf 89' lang='lat' dir='ltr'><strong>fratre,</strong></span> <span class='ocrx_word' id='word_1_67' title='bbox 1135 1266 1263 1326; x_wconf 88' lang='lat' dir='ltr'><strong>c&#39;ontra</strong></span> 
     </span>
    </p>

    <p class='ocr_par' dir='ltr' id='par_1_3' title="bbox 169 1351 1384 3116">
     <span class='ocr_line' id='line_1_10' title="bbox 169 1351 1261 1460; baseline 0 -26"><span class='ocrx_word' id='word_1_68' title='bbox 169 1351 172 1355; x_wconf 31' lang='lat'>¹</span> <span class='ocrx_word' id='word_1_69' title='bbox 199 1365 325 1435; x_wconf 88' lang='lat' dir='ltr'><strong>matris</strong></span> <span class='ocrx_word' id='word_1_70' title='bbox 344 1363 569 1434; x_wconf 85' lang='lat' dir='ltr'><strong>voluntatem</strong></span> <span class='ocrx_word' id='word_1_71' title='bbox 592 1375 693 1444; x_wconf 84' lang='lat' dir='ltr'><strong>extra</strong></span> <span class='ocrx_word' id='word_1_72' title='bbox 714 1365 907 1459; x_wconf 76' lang='lat' dir='ltr'><strong>AEgpptum</strong></span> <span class='ocrx_word' id='word_1_73' title='bbox 933 1361 1085 1460; x_wconf 88' lang='lat' dir='ltr'><strong>nuptain</strong></span> <span class='ocrx_word' id='word_1_74' title='bbox 1108 1379 1261 1436; x_wconf 89' lang='lat' dir='ltr'><strong>accusat.</strong></span> 
     </span>
     <span class='ocr_line' id='line_1_11' title="bbox 201 1469 1292 1573; baseline 0.005 -28"><span class='ocrx_word' id='word_1_75' title='bbox 201 1479 339 1546; x_wconf 85' lang='lat' dir='ltr'><strong>Contra</strong></span> <span class='ocrx_word' id='word_1_76' title='bbox 354 1477 499 1573; x_wconf 81' lang='lat' dir='ltr'><strong>Grypus</strong></span> <span class='ocrx_word' id='word_1_77' title='bbox 514 1495 634 1555; x_wconf 89' lang='lat' dir='ltr'><strong>orare,</strong></span> <span class='ocrx_word' id='word_1_78' title='bbox 649 1499 666 1536; x_wconf 78' lang='grc' dir='ltr'><strong>α</strong></span> <span class='ocrx_word' id='word_1_79' title='bbox 679 1495 727 1542; x_wconf 90' lang='lat' dir='ltr'><strong>ne</strong></span> <span class='ocrx_word' id='word_1_80' title='bbox 741 1486 815 1544; x_wconf 90' lang='lat' dir='ltr'><strong>tam</strong></span> <span class='ocrx_word' id='word_1_81' title='bbox 831 1469 969 1544; x_wconf 87' lang='lat' dir='ltr'><strong>foedum</strong></span> <span class='ocrx_word' id='word_1_82' title='bbox 986 1470 1128 1546; x_wconf 87' lang='lat' dir='ltr'><strong>facinus</strong></span> <span class='ocrx_word' id='word_1_83' title='bbox 1145 1471 1262 1546; x_wconf 88' lang='lat' dir='ltr'><strong>facere</strong></span> <span class='ocrx_word' id='word_1_84' title='bbox 1275 1498 1292 1551; x_wconf 89' lang='lat'>7</span> 
     </span>
     <span class='ocr_line' id='line_1_12' title="bbox 200 1583 1265 1682; baseline -0.001 -26"><span class='ocrx_word' id='word_1_85' title='bbox 200 1599 371 1682; x_wconf 89' lang='lat' dir='ltr'><strong>cogatur:</strong></span> <span class='ocrx_word' id='word_1_86' title='bbox 387 1584 522 1656; x_wconf 88' lang='lat' dir='ltr'><strong>anullo</strong></span> <span class='ocrx_word' id='word_1_87' title='bbox 540 1607 705 1680; x_wconf 88' lang='lat' dir='ltr'><strong>unquam</strong></span> <span class='ocrx_word' id='word_1_88' title='bbox 721 1585 900 1680; x_wconf 87' lang='lat' dir='ltr'><strong>majorum</strong></span> <span class='ocrx_word' id='word_1_89' title='bbox 917 1609 1068 1655; x_wconf 91' lang='lat' dir='ltr'><strong>suorum</strong></span> <span class='ocrx_word' id='word_1_90' title='bbox 1090 1583 1187 1655; x_wconf 89' lang='lat' dir='ltr'><strong>inter</strong></span> <span class='ocrx_word' id='word_1_91' title='bbox 1209 1598 1265 1655; x_wconf 93' lang='lat' dir='ltr'><strong>tot</strong></span> 
     </span>
     <span class='ocr_line' id='line_1_13' title="bbox 201 1692 1265 1792; baseline 0 -26"><span class='ocrx_word' id='word_1_92' title='bbox 201 1693 412 1784; x_wconf 86' lang='lat' dir='ltr'><strong>domestica,</strong></span> <span class='ocrx_word' id='word_1_93' title='bbox 421 1709 476 1767; x_wconf 91' lang='lat' dir='ltr'><strong>tot</strong></span> <span class='ocrx_word' id='word_1_94' title='bbox 486 1709 635 1768; x_wconf 81' lang='lat' dir='ltr'><strong>externa</strong></span> <span class='ocrx_word' id='word_1_95' title='bbox 645 1692 755 1782; x_wconf 92' lang='lat' dir='ltr'><strong>bella,</strong></span> <span class='ocrx_word' id='word_1_96' title='bbox 766 1709 849 1792; x_wconf 92' lang='lat' dir='ltr'><strong>post</strong></span> <span class='ocrx_word' id='word_1_97' title='bbox 860 1696 1046 1766; x_wconf 91' lang='lat' dir='ltr'><strong>victoriam</strong></span> <span class='ocrx_word' id='word_1_98' title='bbox 1059 1696 1098 1765; x_wconf 89' lang='lat' dir='ltr'><strong>in</strong></span> <span class='ocrx_word' id='word_1_99' title='bbox 1112 1692 1265 1766; x_wconf 88' lang='lat' dir='ltr'><strong>feminas</strong></span> 
     </span>
     <span class='ocr_line' id='line_1_14' title="bbox 200 1802 1266 1905; baseline -0.005 -26"><span class='ocrx_word' id='word_1_100' title='bbox 200 1809 378 1898; x_wconf 79' lang='lat' dir='ltr'><strong>scritum,</strong></span> <span class='ocrx_word' id='word_1_101' title='bbox 401 1831 492 1905; x_wconf 82' lang='lat' dir='ltr'><strong>quas</strong></span> <span class='ocrx_word' id='word_1_102' title='bbox 520 1829 627 1880; x_wconf 80' lang='lat' dir='ltr'><strong>sexus</strong></span> <span class='ocrx_word' id='word_1_103' title='bbox 652 1806 729 1904; x_wconf 91' lang='lat' dir='ltr'><strong>ipse</strong></span> <span class='ocrx_word' id='word_1_104' title='bbox 755 1819 792 1875; x_wconf 88' lang='lat' dir='ltr'><strong>et</strong></span> <span class='ocrx_word' id='word_1_105' title='bbox 814 1804 983 1902; x_wconf 91' lang='lat' dir='ltr'><strong>periculis</strong></span> <span class='ocrx_word' id='word_1_106' title='bbox 1009 1802 1205 1891; x_wconf 90' lang='lat' dir='ltr'><strong>bellorum,</strong></span> <span class='ocrx_word' id='word_1_107' title='bbox 1229 1817 1266 1875; x_wconf 90' lang='lat' dir='ltr'><strong>et</strong></span> 
     </span>
     <span class='ocr_line' id='line_1_15' title="bbox 200 1913 1318 2014; baseline -0.002 -26"><span class='ocrx_word' id='word_1_108' title='bbox 200 1919 338 1988; x_wconf 69' lang='lat' dir='ltr'><strong>saevitiae</strong></span> <span class='ocrx_word' id='word_1_109' title='bbox 357 1919 537 1988; x_wconf 88' lang='lat' dir='ltr'><strong>victorum</strong></span> <span class='ocrx_word' id='word_1_110' title='bbox 561 1916 718 1988; x_wconf 84' lang='lat' dir='ltr'><strong>eximat:</strong></span> <span class='ocrx_word' id='word_1_111' title='bbox 738 1916 778 1986; x_wconf 92' lang='lat' dir='ltr'><strong>in</strong></span> <span class='ocrx_word' id='word_1_112' title='bbox 799 1913 867 1986; x_wconf 92' lang='lat' dir='ltr'><strong>hac</strong></span> <span class='ocrx_word' id='word_1_113' title='bbox 885 1939 991 2004; x_wconf 75' lang='lat' dir='ltr'><strong>vero,</strong></span> <span class='ocrx_word' id='word_1_114' title='bbox 1013 1930 1143 2014; x_wconf 88' lang='lat' dir='ltr'><strong>praeter</strong></span> <span class='ocrx_word' id='word_1_115' title='bbox 1167 1931 1294 1988; x_wconf 78' lang='lat' dir='ltr'><strong>com-a</strong></span> <span class='ocrx_word' id='word_1_116' title='bbox 1315 1963 1318 1968; x_wconf 31' lang='grc' dir='ltr'><strong><em>ι</em></strong></span> 
     </span>
     <span class='ocr_line' id='line_1_16' title="bbox 200 2024 1384 2114; baseline 0 -16"><span class='ocrx_word' id='word_1_117' title='bbox 200 2052 314 2099; x_wconf 90' lang='lat' dir='ltr'><strong>mune</strong></span> <span class='ocrx_word' id='word_1_118' title='bbox 333 2025 548 2099; x_wconf 86' lang='lat' dir='ltr'><strong>bellantium</strong></span> <span class='ocrx_word' id='word_1_119' title='bbox 570 2024 643 2114; x_wconf 86' lang='lat' dir='ltr'><strong>fas,</strong></span> <span class='ocrx_word' id='word_1_120' title='bbox 664 2024 837 2097; x_wconf 87' lang='lat' dir='ltr'><strong>accedere</strong></span> <span class='ocrx_word' id='word_1_121' title='bbox 858 2026 1164 2098; x_wconf 89' lang='lat' dir='ltr'><strong>necessitudinem</strong></span> <span class='ocrx_word' id='word_1_122' title='bbox 1186 2051 1276 2098; x_wconf 72' lang='lat' dir='ltr'><strong>san-¹</strong></span> <span class='ocrx_word' id='word_1_123' title='bbox 1381 2030 1384 2039; x_wconf 88' lang='lat'>&#39;</span> 
     </span>
     <span class='ocr_line' id='line_1_17' title="bbox 200 2137 1268 2235; baseline 0.003 -29"><span class='ocrx_word' id='word_1_124' title='bbox 200 2139 320 2235; x_wconf 91' lang='lat' dir='ltr'><strong>guinis</strong></span> <span class='ocrx_word' id='word_1_125' title='bbox 335 2165 344 2208; x_wconf 73' lang='grc' dir='ltr'><strong><em>ε</em></strong></span> <span class='ocrx_word' id='word_1_126' title='bbox 359 2139 496 2235; x_wconf 89' lang='lat' dir='ltr'><strong>quippe</strong></span> <span class='ocrx_word' id='word_1_127' title='bbox 513 2137 645 2234; x_wconf 89' lang='lat' dir='ltr'><strong>ipsius,</strong></span> <span class='ocrx_word' id='word_1_128' title='bbox 661 2159 742 2232; x_wconf 85' lang='lat' dir='ltr'><strong>quae</strong></span> <span class='ocrx_word' id='word_1_129' title='bbox 761 2150 834 2206; x_wconf 87' lang='lat' dir='ltr'><strong>tam</strong></span> <span class='ocrx_word' id='word_1_130' title='bbox 851 2151 1002 2207; x_wconf 90' lang='lat' dir='ltr'><strong>cruente</strong></span> <span class='ocrx_word' id='word_1_131' title='bbox 1021 2138 1155 2226; x_wconf 83' lang='lat' dir='ltr'><strong>saeviat,</strong></span> <span class='ocrx_word' id='word_1_132' title='bbox 1170 2161 1268 2210; x_wconf 91' lang='lat' dir='ltr'><strong>soro-</strong></span> 
     </span>
     <span class='ocr_line' id='line_1_18' title="bbox 200 2245 1267 2344; baseline -0.004 -24"><span class='ocrx_word' id='word_1_133' title='bbox 200 2271 279 2320; x_wconf 88' lang='lat' dir='ltr'><strong>rem</strong></span> <span class='ocrx_word' id='word_1_134' title='bbox 302 2246 470 2344; x_wconf 86' lang='lat' dir='ltr'><strong>equidem</strong></span> <span class='ocrx_word' id='word_1_135' title='bbox 496 2269 704 2342; x_wconf 84' lang='lat' dir='ltr'><strong>germanam</strong></span> <span class='ocrx_word' id='word_1_136' title='bbox 727 2269 823 2334; x_wconf 85' lang='lat' dir='ltr'><strong>esse,</strong></span> <span class='ocrx_word' id='word_1_137' title='bbox 843 2269 944 2316; x_wconf 89' lang='lat' dir='ltr'><strong>suam</strong></span> <span class='ocrx_word' id='word_1_138' title='bbox 966 2269 1053 2316; x_wconf 89' lang='lat' dir='ltr'><strong>vero</strong></span> <span class='ocrx_word' id='word_1_139' title='bbox 1077 2245 1267 2318; x_wconf 90' lang='lat' dir='ltr'><strong>consobri-</strong></span> 
     </span>
     <span class='ocr_line' id='line_1_19' title="bbox 200 2352 1267 2445; baseline -0.004 -19"><span class='ocrx_word' id='word_1_140' title='bbox 200 2379 306 2445; x_wconf 89' lang='lat' dir='ltr'><strong>nam;</strong></span> <span class='ocrx_word' id='word_1_141' title='bbox 329 2354 529 2427; x_wconf 90' lang='lat' dir='ltr'><strong>liberorum</strong></span> <span class='ocrx_word' id='word_1_142' title='bbox 554 2352 688 2425; x_wconf 89' lang='lat' dir='ltr'><strong>deinde</strong></span> <span class='ocrx_word' id='word_1_143' title='bbox 715 2356 965 2425; x_wconf 89' lang='lat' dir='ltr'><strong>communium</strong></span> <span class='ocrx_word' id='word_1_144' title='bbox 997 2369 1235 2426; x_wconf 86' lang='lat' dir='ltr'><strong>materteram.</strong></span> <span class='ocrx_word' id='word_1_145' title='bbox 1249 2386 1267 2422; x_wconf 69' lang='lat'><strong>2&gt;</strong></span> 
     </span>
     <span class='ocr_line' id='line_1_20' title="bbox 201 2462 1296 2564; baseline 0 -27"><span class='ocrx_word' id='word_1_146' title='bbox 201 2469 265 2540; x_wconf 89' lang='lat' dir='ltr'><strong>His</strong></span> <span class='ocrx_word' id='word_1_147' title='bbox 282 2481 337 2539; x_wconf 90' lang='lat' dir='ltr'><strong>tot</strong></span> <span class='ocrx_word' id='word_1_148' title='bbox 353 2462 685 2536; x_wconf 84' lang='lat' dir='ltr'><strong>necessitudinibus</strong></span> <span class='ocrx_word' id='word_1_149' title='bbox 701 2465 887 2561; x_wconf 80' lang='lat' dir='ltr'><strong>sanguinis</strong></span> <span class='ocrx_word' id='word_1_150' title='bbox 907 2464 1028 2561; x_wconf 90' lang='lat' dir='ltr'><strong>adjicit</strong></span> <span class='ocrx_word' id='word_1_151' title='bbox 1045 2467 1296 2564; x_wconf 81' lang='lat' dir='ltr'><strong>superstitio-9</strong></span> 
     </span>
     <span class='ocr_line' id='line_1_21' title="bbox 200 2571 1342 2675; baseline -0.004 -27"><span class='ocrx_word' id='word_1_152' title='bbox 200 2603 286 2649; x_wconf 88' lang='lat' dir='ltr'><strong>nem</strong></span> <span class='ocrx_word' id='word_1_153' title='bbox 304 2575 449 2675; x_wconf 90' lang='lat' dir='ltr'><strong>templi,</strong></span> <span class='ocrx_word' id='word_1_154' title='bbox 470 2599 546 2673; x_wconf 92' lang='lat' dir='ltr'><strong>quo</strong></span> <span class='ocrx_word' id='word_1_155' title='bbox 567 2573 690 2646; x_wconf 84' lang='lat' dir='ltr'><strong>abdita</strong></span> <span class='ocrx_word' id='word_1_156' title='bbox 711 2571 931 2672; x_wconf 85' lang='lat' dir='ltr'><strong>profugerit,</strong></span> <span class='ocrx_word' id='word_1_157' title='bbox 954 2590 1164 2672; x_wconf 73' lang='lat' dir='ltr'><strong>«tantoque</strong></span> <span class='ocrx_word' id='word_1_158' title='bbox 1185 2575 1266 2646; x_wconf 90' lang='lat' dir='ltr'><strong>reli·</strong></span> <span class='ocrx_word' id='word_1_159' title='bbox 1335 2621 1342 2634; x_wconf 81' lang='lat'><strong>·</strong></span> 
     </span>
     <span class='ocr_line' id='line_1_22' title="bbox 200 2682 1266 2785; baseline -0.003 -26"><span class='ocrx_word' id='word_1_160' title='bbox 200 2691 333 2785; x_wconf 89' lang='lat' dir='ltr'><strong>giosius</strong></span> <span class='ocrx_word' id='word_1_161' title='bbox 349 2685 523 2758; x_wconf 89' lang='lat' dir='ltr'><strong>colendos</strong></span> <span class='ocrx_word' id='word_1_162' title='bbox 539 2682 607 2756; x_wconf 93' lang='lat' dir='ltr'><strong>sibi</strong></span> <span class='ocrx_word' id='word_1_163' title='bbox 621 2687 734 2772; x_wconf 89' lang='lat' dir='ltr'><strong>Deos,</strong></span> <span class='ocrx_word' id='word_1_164' title='bbox 747 2709 822 2782; x_wconf 89' lang='lat' dir='ltr'><strong>quo</strong></span> <span class='ocrx_word' id='word_1_165' title='bbox 838 2686 950 2782; x_wconf 87' lang='lat' dir='ltr'><strong>magis</strong></span> <span class='ocrx_word' id='word_1_166' title='bbox 963 2684 1021 2756; x_wconf 91' lang='lat' dir='ltr'><strong>his</strong></span> <span class='ocrx_word' id='word_1_167' title='bbox 1038 2687 1206 2783; x_wconf 86' lang='lat' dir='ltr'><strong>propitiis</strong></span> <span class='ocrx_word' id='word_1_168' title='bbox 1225 2709 1266 2756; x_wconf 88' lang='lat' dir='ltr'><strong>ac</strong></span> 
     </span>
     <span class='ocr_line' id='line_1_23' title="bbox 199 2794 1266 2892; baseline 0 -26"><span class='ocrx_word' id='word_1_169' title='bbox 199 2795 406 2868; x_wconf 86' lang='lat' dir='ltr'><strong>faventibus</strong></span> <span class='ocrx_word' id='word_1_170' title='bbox 423 2797 567 2866; x_wconf 88' lang='lat' dir='ltr'><strong>vicisset</strong></span> <span class='ocrx_word' id='word_1_171' title='bbox 581 2821 590 2864; x_wconf 74' lang='grc' dir='ltr'><strong><em>ε</em></strong></span> <span class='ocrx_word' id='word_1_172' title='bbox 604 2809 682 2865; x_wconf 91' lang='lat' dir='ltr'><strong>tum</strong></span> <span class='ocrx_word' id='word_1_173' title='bbox 701 2819 823 2892; x_wconf 92' lang='lat' dir='ltr'><strong>neque</strong></span> <span class='ocrx_word' id='word_1_174' title='bbox 843 2797 962 2868; x_wconf 90' lang='lat' dir='ltr'><strong>occisa</strong></span> <span class='ocrx_word' id='word_1_175' title='bbox 980 2794 1059 2877; x_wconf 88' lang='lat' dir='ltr'><strong>illa,</strong></span> <span class='ocrx_word' id='word_1_176' title='bbox 1076 2820 1114 2867; x_wconf 81' lang='lat' dir='ltr'><strong>se</strong></span> <span class='ocrx_word' id='word_1_177' title='bbox 1135 2798 1266 2868; x_wconf 82' lang='lat' dir='ltr'><strong>virium</strong></span> 
     </span>
     <span class='ocr_line' id='line_1_24' title="bbox 202 2903 1266 3003; baseline 0.002 -27"><span class='ocrx_word' id='word_1_178' title='bbox 202 2907 397 3003; x_wconf 90' lang='lat' dir='ltr'><strong>quicquam</strong></span> <span class='ocrx_word' id='word_1_179' title='bbox 410 2907 592 3000; x_wconf 89' lang='lat' dir='ltr'><strong>Cyziceno</strong></span> <span class='ocrx_word' id='word_1_180' title='bbox 609 2903 837 2993; x_wconf 89' lang='lat' dir='ltr'><strong>demturum‚</strong></span> <span class='ocrx_word' id='word_1_181' title='bbox 854 2929 922 2977; x_wconf 88' lang='lat' dir='ltr'><strong>nec</strong></span> <span class='ocrx_word' id='word_1_182' title='bbox 942 2922 1168 2978; x_wconf 86' lang='lat' dir='ltr'><strong>servaturum</strong></span> <span class='ocrx_word' id='word_1_183' title='bbox 1183 2907 1266 2979; x_wconf 91' lang='lat' dir='ltr'><strong>red-</strong></span> 
     </span>
     <span class='ocr_line' id='line_1_25' title="bbox 202 3015 1311 3116; baseline 0.002 -28"><span class='ocrx_word' id='word_1_184' title='bbox 202 3015 287 3088; x_wconf 87' lang='lat' dir='ltr'><strong>dita.</strong></span> <span class='ocrx_word' id='word_1_185' title='bbox 296 3046 315 3084; x_wconf 78' lang='lat' dir='ltr'><strong>n</strong></span> <span class='ocrx_word' id='word_1_186' title='bbox 324 3015 393 3087; x_wconf 85' lang='lat' dir='ltr'><strong>Sed</strong></span> <span class='ocrx_word' id='word_1_187' title='bbox 404 3030 542 3116; x_wconf 88' lang='lat' dir='ltr'><strong>quanto</strong></span> <span class='ocrx_word' id='word_1_188' title='bbox 553 3020 700 3116; x_wconf 85' lang='lat' dir='ltr'><strong>Grypus</strong></span> <span class='ocrx_word' id='word_1_189' title='bbox 712 3015 858 3106; x_wconf 83' lang='lat' dir='ltr'><strong>abnuit,</strong></span> <span class='ocrx_word' id='word_1_190' title='bbox 869 3031 971 3089; x_wconf 89' lang='lat' dir='ltr'><strong>tanto</strong></span> <span class='ocrx_word' id='word_1_191' title='bbox 981 3043 1085 3089; x_wconf 91' lang='lat' dir='ltr'><strong>soror</strong></span> <span class='ocrx_word' id='word_1_192' title='bbox 1096 3016 1264 3089; x_wconf 87' lang='lat' dir='ltr'><strong>muliebri</strong></span> <span class='ocrx_word' id='word_1_193' title='bbox 1280 3059 1311 3091; x_wconf 73' lang='grc' dir='ltr'><strong>ιω</strong></span> 
     </span>
    </p>
   </div>
   <div class='ocr_carea' id='block_1_2' title="bbox 198 3175 1336 4202">
    <p class='ocr_par' dir='ltr' id='par_1_4' title="bbox 198 3175 1336 4202">
     <span class='ocr_line' id='line_1_26' title="bbox 236 3175 1266 3262; baseline 0.003 -21"><span class='ocrx_word' id='word_1_194' title='bbox 236 3188 262 3242; x_wconf 84' lang='grc'><strong>5.</strong></span> <span class='ocrx_word' id='word_1_195' title='bbox 278 3188 667 3261; x_wconf 73' lang='lat' dir='ltr'><strong>Tryploeua,uaeorGrypi.Crp.</strong></span> <span class='ocrx_word' id='word_1_196' title='bbox 681 3207 711 3253; x_wconf 75' lang='lat' dir='ltr'><strong>a,</strong></span> <span class='ocrx_word' id='word_1_197' title='bbox 755 3175 760 3194; x_wconf 81' lang='grc'>’</span> <span class='ocrx_word' id='word_1_198' title='bbox 793 3191 819 3242; x_wconf 89' lang='grc'><strong>6.</strong></span> <span class='ocrx_word' id='word_1_199' title='bbox 848 3195 960 3242; x_wconf 74' lang='lat' dir='ltr'><strong>Accusat.</strong></span> <span class='ocrx_word' id='word_1_200' title='bbox 987 3189 1138 3262; x_wconf 66' lang='lat' dir='ltr'><strong>&#39;lbypbrena</strong></span> <span class='ocrx_word' id='word_1_201' title='bbox 1163 3203 1266 3244; x_wconf 83' lang='lat' dir='ltr'><strong>accusat</strong></span> 
     </span>
     <span class='ocr_line' id='line_1_27' title="bbox 200 3263 1265 3340; baseline 0.002 -20"><span class='ocrx_word' id='word_1_202' title='bbox 200 3267 227 3321; x_wconf 75' lang='grc'><strong>3.</strong></span> <span class='ocrx_word' id='word_1_203' title='bbox 240 3266 387 3339; x_wconf 78' lang='lat' dir='ltr'><strong>Physoonis</strong></span> <span class='ocrx_word' id='word_1_204' title='bbox 396 3265 464 3328; x_wconf 84' lang='lat' dir='ltr'><strong>filia,</strong></span> <span class='ocrx_word' id='word_1_205' title='bbox 483 3263 549 3318; x_wconf 88' lang='lat' dir='ltr'><strong>ibid.</strong></span> <span class='ocrx_word' id='word_1_206' title='bbox 559 3295 592 3305; x_wconf 85' lang='lat'>-</span> <span class='ocrx_word' id='word_1_207' title='bbox 610 3266 711 3337; x_wconf 80' lang='lat' dir='ltr'><strong>Cleopa·</strong></span> <span class='ocrx_word' id='word_1_208' title='bbox 752 3267 933 3339; x_wconf 84' lang='lat' dir='ltr'><strong>Cleopatram,</strong></span> <span class='ocrx_word' id='word_1_209' title='bbox 946 3270 1021 3340; x_wconf 81' lang='lat' dir='ltr'><strong>cujus</strong></span> <span class='ocrx_word' id='word_1_210' title='bbox 1038 3285 1119 3340; x_wconf 86' lang='lat' dir='ltr'><strong>opera</strong></span> <span class='ocrx_word' id='word_1_211' title='bbox 1136 3269 1265 3322; x_wconf 79' lang='lat' dir='ltr'><strong>exercitur</strong></span> 
     </span>
     <span class='ocr_line' id='line_1_28' title="bbox 200 3343 1310 3417; baseline 0.004 -20"><span class='ocrx_word' id='word_1_212' title='bbox 200 3357 269 3397; x_wconf 72' lang='lat' dir='ltr'><strong>nme.</strong></span> <span class='ocrx_word' id='word_1_213' title='bbox 278 3347 302 3413; x_wconf 77' lang='lat' dir='ltr'><strong>S.</strong></span> <span class='ocrx_word' id='word_1_214' title='bbox 314 3343 619 3417; x_wconf 73' lang='lat' dir='ltr'><strong>a·3,l&gt;hysconis·filiem</strong></span> <span class='ocrx_word' id='word_1_215' title='bbox 630 3343 710 3411; x_wconf 79' lang='lat' dir='ltr'><strong>ibid,</strong></span> <span class='ocrx_word' id='word_1_216' title='bbox 752 3345 885 3416; x_wconf 76' lang='lat' dir='ltr'><strong>peregrini</strong></span> <span class='ocrx_word' id='word_1_217' title='bbox 898 3344 1005 3398; x_wconf 76' lang='lat' dir='ltr'><strong>adducti</strong></span> <span class='ocrx_word' id='word_1_218' title='bbox 1017 3344 1108 3397; x_wconf 86' lang='lat' dir='ltr'><strong>sintin</strong></span> <span class='ocrx_word' id='word_1_219' title='bbox 1124 3348 1265 3401; x_wconf 74' lang='lat' dir='ltr'><strong>certamina</strong></span> <span class='ocrx_word' id='word_1_220' title='bbox 1307 3351 1310 3357; x_wconf 86' lang='lat'>&#39;</span> 
     </span>
     <span class='ocr_line' id='line_1_29' title="bbox 198 3419 1264 3494; baseline -0.001 -17"><span class='ocrx_word' id='word_1_221' title='bbox 198 3423 310 3476; x_wconf 70' lang='lat' dir='ltr'><strong>letburi</strong></span> <span class='ocrx_word' id='word_1_222' title='bbox 321 3423 408 3476; x_wconf 82' lang='lat' dir='ltr'><strong>fratris</strong></span> <span class='ocrx_word' id='word_1_223' title='bbox 419 3439 531 3475; x_wconf 84' lang='lat' dir='ltr'><strong>uxorem</strong></span> <span class='ocrx_word' id='word_1_224' title='bbox 547 3421 711 3494; x_wconf 73' lang='lat' dir='ltr'><strong>repudiatam</strong></span> <span class='ocrx_word' id='word_1_225' title='bbox 752 3423 878 3488; x_wconf 69' lang='lat' dir='ltr'><strong>bouum</strong></span> <span class='ocrx_word' id='word_1_226' title='bbox 892 3441 950 3494; x_wconf 72' lang='lat' dir='ltr'><strong>qun</strong></span> <span class='ocrx_word' id='word_1_227' title='bbox 969 3424 1026 3494; x_wconf 86' lang='lat' dir='ltr'><strong>ipsa</strong></span> <span class='ocrx_word' id='word_1_228' title='bbox 1041 3419 1178 3493; x_wconf 81' lang='lat' dir='ltr'><strong>repudiata</strong></span> <span class='ocrx_word' id='word_1_229' title='bbox 1197 3425 1232 3476; x_wconf 85' lang='lat' dir='ltr'><strong>sit</strong></span> <span class='ocrx_word' id='word_1_230' title='bbox 1248 3443 1264 3476; x_wconf 82' lang='lat' dir='ltr'><strong>a</strong></span> 
     </span>
     <span class='ocr_line' id='line_1_30' title="bbox 200 3499 1264 3576; baseline -0.001 -21"><span class='ocrx_word' id='word_1_231' title='bbox 200 3505 225 3570; x_wconf 75' lang='grc' dir='ltr'><strong>ς.</strong></span> <span class='ocrx_word' id='word_1_232' title='bbox 238 3522 267 3568; x_wconf 75' lang='lat' dir='ltr'><strong>a,</strong></span> <span class='ocrx_word' id='word_1_233' title='bbox 275 3505 330 3576; x_wconf 79' lang='lat' dir='ltr'><strong>jam</strong></span> <span class='ocrx_word' id='word_1_234' title='bbox 341 3505 453 3576; x_wconf 64' lang='lat' dir='ltr'><strong>Cyziceni</strong></span> <span class='ocrx_word' id='word_1_235' title='bbox 461 3519 579 3556; x_wconf 84' lang='lat' dir='ltr'><strong>uxorem.</strong></span> <span class='ocrx_word' id='word_1_236' title='bbox 591 3504 711 3552; x_wconf 79' lang='lat' dir='ltr'><strong>-llosti-</strong></span> <span class='ocrx_word' id='word_1_237' title='bbox 752 3501 831 3554; x_wconf 83' lang='lat' dir='ltr'><strong>fratre</strong></span> <span class='ocrx_word' id='word_1_238' title='bbox 842 3504 865 3568; x_wconf 75' lang='grc' dir='ltr'><strong>ς.</strong></span> <span class='ocrx_word' id='word_1_239' title='bbox 878 3519 906 3566; x_wconf 81' lang='lat' dir='ltr'><strong>a,</strong></span> <span class='ocrx_word' id='word_1_240' title='bbox 918 3513 1061 3570; x_wconf 87' lang='lat' dir='ltr'><strong>contraque</strong></span> <span class='ocrx_word' id='word_1_241' title='bbox 1072 3499 1264 3554; x_wconf 77' lang='lat' dir='ltr'><strong>matrisvoltm·</strong></span> 
     </span>
     <span class='ocr_line' id='line_1_31' title="bbox 198 3576 1264 3655; baseline -0.005 -21"><span class='ocrx_word' id='word_1_242' title='bbox 198 3599 274 3655; x_wconf 73' lang='lat' dir='ltr'><strong>que...</strong></span> <span class='ocrx_word' id='word_1_243' title='bbox 283 3582 398 3648; x_wconf 77' lang='lat' dir='ltr'><strong>effecerit.</strong></span> <span class='ocrx_word' id='word_1_244' title='bbox 408 3581 514 3652; x_wconf 83' lang='lat' dir='ltr'><strong>quue,</strong></span> <span class='ocrx_word' id='word_1_245' title='bbox 525 3592 556 3633; x_wconf 85' lang='lat' dir='ltr'><strong>ut</strong></span> <span class='ocrx_word' id='word_1_246' title='bbox 564 3579 710 3653; x_wconf 75' lang='lat' dir='ltr'><strong>cyziceno,</strong></span> <span class='ocrx_word' id='word_1_247' title='bbox 752 3591 831 3632; x_wconf 82' lang='lat' dir='ltr'><strong>tatem</strong></span> <span class='ocrx_word' id='word_1_248' title='bbox 842 3591 924 3651; x_wconf 87' lang='lat' dir='ltr'><strong>nupta</strong></span> <span class='ocrx_word' id='word_1_249' title='bbox 935 3579 969 3630; x_wconf 84' lang='lat' dir='ltr'><strong>eit</strong></span> <span class='ocrx_word' id='word_1_250' title='bbox 979 3576 1121 3649; x_wconf 73' lang='lat' dir='ltr'><strong>(nupserit)</strong></span> <span class='ocrx_word' id='word_1_251' title='bbox 1131 3578 1264 3652; x_wconf 79' lang='lat' dir='ltr'><strong>Cyrioeno</strong></span> 
     </span>
     <span class='ocr_line' id='line_1_32' title="bbox 198 3655 1144 3732; baseline -0.004 -19"><span class='ocrx_word' id='word_1_252' title='bbox 198 3660 270 3712; x_wconf 82' lang='lat' dir='ltr'><strong>boeti</strong></span> <span class='ocrx_word' id='word_1_253' title='bbox 285 3661 384 3713; x_wconf 83' lang='lat' dir='ltr'><strong>sororis</strong></span> <span class='ocrx_word' id='word_1_254' title='bbox 398 3658 557 3732; x_wconf 69' lang='lat' dir='ltr'><strong>Tryphae·</strong></span> <span class='ocrx_word' id='word_1_255' title='bbox 574 3658 710 3730; x_wconf 79' lang='lat' dir='ltr'><strong>nupserit,</strong></span> <span class='ocrx_word' id='word_1_256' title='bbox 751 3669 822 3710; x_wconf 82' lang='lat' dir='ltr'><strong>extra</strong></span> <span class='ocrx_word' id='word_1_257' title='bbox 834 3659 979 3730; x_wconf 84' lang='lat' dir='ltr'><strong>AEgyptum</strong></span> <span class='ocrx_word' id='word_1_258' title='bbox 993 3655 1144 3727; x_wconf 71' lang='lat' dir='ltr'><strong>(insyria).</strong></span> 
     </span>
     <span class='ocr_line' id='line_1_33' title="bbox 200 3732 1264 3808; baseline -0.002 -18"><span class='ocrx_word' id='word_1_259' title='bbox 200 3755 228 3790; x_wconf 81' lang='lat' dir='ltr'><strong>se</strong></span> <span class='ocrx_word' id='word_1_260' title='bbox 236 3738 463 3790; x_wconf 82' lang='lat' dir='ltr'><strong>effecerithostem</strong></span> <span class='ocrx_word' id='word_1_261' title='bbox 473 3739 530 3808; x_wconf 81' lang='lat' dir='ltr'><strong>ejus</strong></span> <span class='ocrx_word' id='word_1_262' title='bbox 538 3737 666 3805; x_wconf 85' lang='lat' dir='ltr'><strong>(sororis).</strong></span> <span class='ocrx_word' id='word_1_263' title='bbox 675 3761 711 3778; x_wconf 79' lang='lat'><strong>-··</strong></span> <span class='ocrx_word' id='word_1_264' title='bbox 787 3732 1038 3806; x_wconf 69' lang='lat' dir='ltr'><strong>&amp;Sororemeqtddem</strong></span> <span class='ocrx_word' id='word_1_265' title='bbox 1043 3753 1190 3803; x_wconf 77' lang='lat' dir='ltr'><strong>germanam.</strong></span> <span class='ocrx_word' id='word_1_266' title='bbox 1204 3733 1264 3790; x_wconf 85' lang='lat' dir='ltr'><strong>Hoc</strong></span> 
     </span>
     <span class='ocr_line' id='line_1_34' title="bbox 200 3809 1336 3888; baseline -0.002 -21"><span class='ocrx_word' id='word_1_267' title='bbox 200 3819 281 3868; x_wconf 72' lang='lat' dir='ltr'><strong>Iussit.</strong></span> <span class='ocrx_word' id='word_1_268' title='bbox 297 3817 390 3888; x_wconf 76' lang='lat' dir='ltr'><strong>Aptius</strong></span> <span class='ocrx_word' id='word_1_269' title='bbox 401 3826 457 3880; x_wconf 84' lang='lat' dir='ltr'><strong>est,</strong></span> <span class='ocrx_word' id='word_1_270' title='bbox 471 3812 545 3886; x_wconf 86' lang='lat' dir='ltr'><strong>quod</strong></span> <span class='ocrx_word' id='word_1_271' title='bbox 556 3833 589 3867; x_wconf 85' lang='lat' dir='ltr'><strong>ex</strong></span> <span class='ocrx_word' id='word_1_272' title='bbox 601 3815 711 3868; x_wconf 77' lang='lat' dir='ltr'><strong>taurina</strong></span> <span class='ocrx_word' id='word_1_273' title='bbox 751 3814 811 3866; x_wconf 83' lang='lat' dir='ltr'><strong>loeo</strong></span> <span class='ocrx_word' id='word_1_274' title='bbox 820 3812 887 3865; x_wconf 88' lang='lat' dir='ltr'><strong>bene</strong></span> <span class='ocrx_word' id='word_1_275' title='bbox 895 3809 1003 3863; x_wconf 79' lang='lat' dir='ltr'><strong>Medius</strong></span> <span class='ocrx_word' id='word_1_276' title='bbox 1012 3811 1138 3883; x_wconf 79' lang='lat' dir='ltr'><strong>corrigit:</strong></span> <span class='ocrx_word' id='word_1_277' title='bbox 1149 3831 1265 3878; x_wconf 57' lang='grc' dir='ltr'><strong>πωπω,-</strong></span> <span class='ocrx_word' id='word_1_278' title='bbox 1333 3816 1336 3825; x_wconf 89' lang='grc'><strong>“</strong></span> 
     </span>
     <span class='ocr_line' id='line_1_35' title="bbox 200 3891 1037 3965; baseline -0.008 -17"><span class='ocrx_word' id='word_1_279' title='bbox 200 3894 320 3948; x_wconf 67' lang='lat' dir='ltr'><strong>Gravius</strong></span> <span class='ocrx_word' id='word_1_280' title='bbox 341 3897 425 3963; x_wconf 61' lang='lat'>¹⁶96,</span> <span class='ocrx_word' id='word_1_281' title='bbox 449 3904 476 3946; x_wconf 81' lang='lat' dir='ltr'><strong>et</strong></span> <span class='ocrx_word' id='word_1_282' title='bbox 494 3894 586 3946; x_wconf 79' lang='lat' dir='ltr'><strong>Bm.</strong></span> <span class='ocrx_word' id='word_1_283' title='bbox 603 3909 712 3964; x_wconf 86' lang='lat' dir='ltr'><strong>recepe-</strong></span> <span class='ocrx_word' id='word_1_284' title='bbox 752 3891 1037 3965; x_wconf 72' lang='lat' dir='ltr'><strong>etquidemgemanam.</strong></span> 
     </span>
     <span class='ocr_line' id='line_1_36' title="bbox 200 3967 1263 4045; baseline 0 -20"><span class='ocrx_word' id='word_1_285' title='bbox 200 3983 279 4045; x_wconf 75' lang='lat' dir='ltr'><strong>runt,</strong></span> <span class='ocrx_word' id='word_1_286' title='bbox 292 3971 382 4024; x_wconf 63' lang='lat' dir='ltr'><strong>mit.-</strong></span> <span class='ocrx_word' id='word_1_287' title='bbox 393 3971 462 4025; x_wconf 86' lang='lat' dir='ltr'><strong>nibil</strong></span> <span class='ocrx_word' id='word_1_288' title='bbox 474 3971 607 4043; x_wconf 81' lang='lat' dir='ltr'><strong>antiquius</strong></span> <span class='ocrx_word' id='word_1_289' title='bbox 623 3970 712 4039; x_wconf 83' lang='lat' dir='ltr'><strong>duxit,</strong></span> <span class='ocrx_word' id='word_1_290' title='bbox 788 3987 815 4039; x_wconf 85' lang='lat'><strong>9.</strong></span> <span class='ocrx_word' id='word_1_291' title='bbox 838 3967 1066 4022; x_wconf 61' lang='lat' dir='ltr'><strong>Hermundulus.</strong></span> <span class='ocrx_word' id='word_1_292' title='bbox 1093 3970 1263 4042; x_wconf 82' lang='lat' dir='ltr'><strong>Antiquiores</strong></span> 
     </span>
     <span class='ocr_line' id='line_1_37' title="bbox 202 4047 1265 4124; baseline -0.001 -21"><span class='ocrx_word' id='word_1_293' title='bbox 202 4068 280 4122; x_wconf 76' lang='lat' dir='ltr'><strong>quem</strong></span> <span class='ocrx_word' id='word_1_294' title='bbox 287 4050 713 4124; x_wconf 75' lang='lat' dir='ltr'><strong>requiritororern,scilicetqnem</strong></span> <span class='ocrx_word' id='word_1_295' title='bbox 753 4049 824 4122; x_wconf 75' lang='lat' dir='ltr'><strong>typis</strong></span> <span class='ocrx_word' id='word_1_296' title='bbox 841 4047 957 4121; x_wconf 78' lang='lat' dir='ltr'><strong>expressi</strong></span> <span class='ocrx_word' id='word_1_297' title='bbox 976 4049 1167 4112; x_wconf 64' lang='lat' dir='ltr'><strong>maneamus,</strong></span> <span class='ocrx_word' id='word_1_298' title='bbox 1189 4051 1265 4124; x_wconf 84' lang='lat' dir='ltr'><strong>quod</strong></span> 
     </span>
     <span class='ocr_line' id='line_1_38' title="bbox 202 4125 1203 4202; baseline 0.001 -21"><span class='ocrx_word' id='word_1_299' title='bbox 202 4140 234 4182; x_wconf 85' lang='lat' dir='ltr'><strong>ut</strong></span> <span class='ocrx_word' id='word_1_300' title='bbox 242 4129 419 4202; x_wconf 79' lang='lat' dir='ltr'><strong>requireretur</strong></span> <span class='ocrx_word' id='word_1_301' title='bbox 429 4147 514 4184; x_wconf 77' lang='lat' dir='ltr'><strong>soror.</strong></span> <span class='ocrx_word' id='word_1_302' title='bbox 753 4128 893 4183; x_wconf 84' lang='lat' dir='ltr'><strong>lrocsensu</strong></span> <span class='ocrx_word' id='word_1_303' title='bbox 905 4145 961 4182; x_wconf 89' lang='lat' dir='ltr'><strong>non</strong></span> <span class='ocrx_word' id='word_1_304' title='bbox 972 4125 1087 4182; x_wconf 75' lang='lat' dir='ltr'><strong>insolens</strong></span> <span class='ocrx_word' id='word_1_305' title='bbox 1099 4137 1203 4182; x_wconf 59' lang='lat' dir='ltr'><strong>eatan.</strong></span> 
     </span>
    </p>
   </div>
   <div class='ocr_carea' id='block_1_3' title="bbox 0 0 1488 4684">
    <p class='ocr_par' dir='ltr' id='par_1_5' title="bbox 0 0 1488 4684">
     <span class='ocr_line' id='line_1_39' title="bbox 0 0 1488 4684; baseline 0 0"><span class='ocrx_word' id='word_1_306' title='bbox 0 0 1488 4684; x_wconf 95' lang='lat' dir='ltr'><strong> </strong></span> 
     </span>
    </p>
   </div>
  </div>
 </body>
</html>
