2967 4684
234 373 310 478 370
664 377 875 447 Josrrur

188 538 227 574 ao
240 505 343 576 danis
362 517 510 602 egeant:
528 501 657 572 milites
675 525 712 570 se
729 497 867 570 habere
883 495 979 569 lilios
995 523 1139 589 eorum,
1154 501 1218 597 qui
1232 501 1303 573 sub

240 614 444 686 Alexandro
453 637 537 710 rege
547 609 831 709 stipendia,toto
844 607 935 682 orbe
947 625 1122 682 terrarum
1132 614 1304 702 victores,

189 759 225 794 ιι
239 725 431 798 fecerint.»
448 725 535 814 Qure
553 721 617 794 ubi
632 721 805 794 Dardano
821 721 896 815 regi
913 723 1082 794 nuntiata
1096 737 1199 812 sunt,
1214 753 1233 790 α
1246 726 1304 794 in·

239 835 375 958 clytum
394 835 483 906 illud
504 833 726 908 Macedonia
741 856 898 928 reguum
913 828 1034 921 brevi,
1049 835 1233 906 immaturi
1245 837 1303 932 ju-

237 947 339 1016 venis
359 947 558 1018 temeritate
578 967 774 1016 casurum»
793 942 891 1013 dixit

177 1087 181 1100 ·
203 1089 223 1124 ι
286 1059 325 1124 V.
344 1059 457 1151 Igitur
473 1055 584 1141 Galli,
600 1053 692 1126 duce
707 1053 843 1150 Belgio,
858 1053 903 1126 ad
922 1055 1118 1128 tentandos
1135 991 1303 1130 Macedo·

238 1191 329 1236 num
352 1169 513 1256 animos,
535 1165 668 1264 legatos
693 1163 739 1234 ad
765 1163 996 1236 Ptolemaeum
1021 1167 1190 1255 mittunt,
1212 1167 1303 1240 offe-

203 1318 224 1350 ιι
238 1292 360 1349 rentes
381 1303 527 1378 pacem,
546 1279 575 1350 si
599 1299 718 1348 emere
739 1275 852 1346 velit:
876 1274 937 1346 sed
969 1275 1181 1349 Ptolemaeus
1207 1281 1304 1351 inter

238 1413 373 1478 suos,=«
387 1387 471 1460 belli
489 1404 586 1460 metu
602 1411 727 1486 pacem
740 1387 862 1458 Gallos
874 1404 1010 1486 petere,
1022 1419 1040 1455 ι
1054 1388 1224 1484 gloriatus
1237 1407 1302 1464 est

207 1503 313 1574 3Nec
339 1503 461 1572 minus
486 1497 653 1570 ferociter
678 1522 716 1568 se
740 1497 885 1594 legatis,
909 1523 1018 1596 quam
1044 1501 1140 1570 inter
1168 1502 1303 1572 amicos

231 1612 395 1706 jactavit,
409 1640 426 1676 (ι
440 1612 540 1680 aliter
554 1635 591 1682 se
604 1633 731 1708 pacem
745 1609 915 1681 datttrum
928 1609 1113 1706 negando,
1124 1612 1195 1680 nisi
1206 1614 1304 1710 prin·

239 1723 337 1818 cipes
353 1747 438 1792 suos
455 1721 600 1792 obsides
612 1720 799 1804 dederint,
813 1734 849 1792 et
862 1744 962 1790 arma
974 1719 1209 1792 tradiderint:
1224 1746 1303 1793 non

205 1835 338 1906 renim
356 1829 466 1902 fidem
488 1855 547 1920 se,
565 1833 634 1904 nisi
652 1828 875 1930 inermibus,
890 1829 1108 1902 habiturum.
1120 1861 1138 1897 ι
1154 1835 1303 1902 Renun-

239 1943 324 2012 tiata
351 1942 552 2040 legatione,
578 1945 689 2016 risere
715 1941 832 2029 Galli,
852 1940 1017 2038 undique
1043 1940 1304 2031 adclamantes,

229 2083 257 2118 -ιι
271 2052 372 2126 brevi
386 2079 594 2144 sensurum,
607 2055 674 2128 sibi
688 2080 735 2125 an
746 2052 796 2124 illi
806 2051 1051 2138 consulentes,
1063 2077 1189 2150 pacem
1200 2052 1304 2126 obtu-

200 2179 224 2231 o
239 2165 385 2238 lerint»
400 2168 603 2264 Interjectis
622 2165 772 2255 diebus,
787 2164 951 2262 prelium
970 2166 1191 2253 conseritur,
1205 2165 1304 2236 victi-

202 2295 312 2374 eque
329 2277 549 2352 Macedones
564 2279 761 2350 caeduntur.
780 2275 991 2347 Ptolemaeus
1008 2273 1129 2345 multis
1143 2273 1304 2346 vulneri·

240 2387 310 2459 bus
329 2391 470 2462 saucius
486 2391 644 2489 capitum
657 2405 766 2488 eaput
778 2390 855 2485 ejus
870 2400 1111 2484 amputatum,
1124 2399 1161 2456 et
1177 2387 1304 2458 lancea
1344 2433 1347 2438 -

241 2497 373 2588 fixum,
395 2516 469 2572 tota
492 2503 568 2574 acie
590 2501 635 2572 ad
659 2516 835 2572 terrorem
858 2497 1017 2568 hostiurn
1040 2495 1303 2569 circumfertur.

205 2613 379 2688 yPaucos
407 2637 451 2682 ex
482 2611 743 2695 Macedonibus
777 2608 861 2706 fuga
890 2608 1068 2679 servavit:
1091 2609 1207 2677 caeteri
1239 2624 1304 2679 aut

203 2737 229 2785 s
244 2722 358 2818 eapti,
378 2735 440 2791 aut
464 2721 583 2792 occisi.
610 2727 694 2792 Haec
721 2745 836 2818 quum
867 2719 1033 2788 nuntiata
1062 2741 1126 2814 per
1153 2739 1303 2788 omnem

242 2828 495 2900 Macedoniam
514 2847 650 2916 essent,
664 2845 776 2929 portae
793 2829 938 2900 urbium
954 2827 1187 2914 clauduntur3
1200 2827 1303 2899 luctu

241 2942 367 3010 omnia
377 2941 582 3039 replentur:
597 2966 698 3012 nunc
712 2939 904 3011 orbitatem
918 2939 1129 3010 amissorum
1143 2935 1303 3012 filiorum

204 3047 447 3124 adolebant:
468 3076 569 3124 nunc
596 3051 734 3124 excidia
760 3049 908 3125 urbium
933 3049 1173 3123 metuebant:
1201 3074 1303 3122 nunc

273 3329 322 3363 ur.
335 3315 466 3366 Immaturi.
483 3313 637 3367 Ptolemaeus
651 3314 699 3367 etri
711 3326 753 3367 te·
791 3327 820 3367 et
836 3327 1023 3379 consumtum,
1042 3313 1089 3385 qui
1110 3311 1179 3366 duce
1197 3315 1304 3367 Brenno

235 3389 369 3442 merarius
382 3405 451 3456 erat,
465 3412 520 3446 nou
539 3406 625 3446 umen
642 3393 692 3446 fuit
709 3397 754 3446 im·
793 3391 1305 3457 Mnoedoniaminvaserintrso,oooseu-

240 3481 357 3534 namna,
367 3470 466 3542 quippe
474 3471 544 3524 lilius
553 3485 616 3526 natu
626 3473 754 3526 maximus
794 3472 856 3538 tati,
867 3491 961 3536 ro,ooo
970 3471 1087 3544 equites,
1097 3489 1175 3535 2,ooo
1183 3471 1305 3542 planstris

241 3549 376 3602 Ptolemaei
390 3549 510 3620 Lagidae,
527 3570 572 3603 an.
591 3559 642 3622 ⁴7⁰
660 3551 753 3622 grandi
794 3553 935 3622 multisque
947 3550 1133 3603 mercatoribus
1154 3550 1304 3603 comitanti·

239 3638 316 3680 aetate
325 3629 421 3680 mertui
433 3644 439 3678 :
449 3646 607 3700 quamquam
617 3649 677 3682 cum
687 3631 754 3683 Nos·
792 3632 851 3685 bus.
863 3630 961 3684 Confer
973 3629 1041 3682 infra
1051 3647 1109 3700 cap.
1120 3632 1151 3694 6,
1164 3645 1188 3681 r.

238 3716 285 3757 tro
295 3705 397 3775 judicat
412 3704 445 3758 de
465 3707 518 3761 hoo
537 3727 600 3780 rege
620 3707 753 3762 Diodorus
828 3711 854 3763 3,
874 3707 1001 3773 adauae,
1021 3721 1047 3760 et
1064 3725 1131 3758 ama
1151 3705 1304 3759 mdidmtrr.

242 3781 313 3846 XII,
327 3785 420 3856 fragm.
435 3785 461 3838 8.
792 3789 873 3840 Recte
881 3786 990 3858 quidem
998 3786 1027 3838 in
1038 3787 1129 3838 futuro
1137 3782 1304 3837 exactozuli-

277 3859 314 3913 Ψ.
336 3881 359 3914 ι.
377 3871 459 3934 tgr'tur
481 3865 557 3929 Galli,
580 3877 630 3918 etc.
650 3863 753 3918 Confer
791 3877 934 3936 terpaoem
946 3883 1001 3917 non
1017 3863 1099 3928 dubo,
1111 3863 1163 3915 nisi
1178 3859 1305 3915 dederitis

238 3937 324 3990 ¹Diod.
336 3939 436 4008 xxu,
446 3943 539 4015 fragm.
549 3944 582 4008 6,
592 3945 608 3995 8
618 3954 645 3996 et
657 3961 696 4010 19,
707 3943 753 3996 ubi
793 3945 912 4007 obsides,
924 3943 1082 3999 tradideritis
1091 3960 1160 3994 anna
1172 3959 1180 3993 :
1191 3953 1221 3993 ut
1233 3941 1304 3993 fios·

237 4017 342 4087 olymp
357 4021 421 4083 125,
439 4038 468 4084 ις
487 4023 518 4073 Α.
532 4023 566 4074 U.
583 4023 646 4090 675,
664 4021 751 4073 Ptole·
792 4035 832 4075 tra
855 4023 1006 4076 Gronovius
1029 4039 1094 4075 arur
1116 4020 1215 4090 corrigi
1239 4019 1305 4074 velit

238 4114 337 4148 umam:
349 4097 429 4149 refert
447 4117 499 4152 una
516 4119 577 4152 cum
595 4113 649 4152 toto
662 4101 751 4154 illace-
791 4102 891 4164 dunat,
907 4101 1037 4152 auderent
1125 4139 1128 4145 ‚

235 4173 339 4228 donico
351 4175 468 4228 exercitu
486 4195 501 4230 a
518 4177 599 4232 Gallis
618 4178 752 4232 concisum
828 4181 853 4232 5.
866 4212 894 4222 -
913 4185 991 4232 Anno
1002 4178 1082 4232 Urbis
1091 4174 1204 4229 conditu
1215 4175 1277 4246 475.
