2967 4684
18 450 29 477 θ

9 537 10 552 r

425 321 996 398 nurtmmcaauuaaoor.
1199 331 1240 417 a,

422 472 665 531 PROLOGUS
685 468 813 526 LIBRI
833 466 1002 525 XXVIII.

229 605 355 671 Octavo
371 616 404 669 et
418 602 573 667 vicesimo
589 599 757 691 columine
774 598 985 662 continentur
998 598 1067 663 haec
1079 622 1086 662 :
1099 600 1144 666 Ut
1157 626 1245 668 mor·
1259 630 1271 664 r

184 718 245 773 'tuo
257 728 335 795 rege
346 705 439 794 Epiri
450 702 653 781 Alexandro,
670 700 877 765 Laodamiam
893 700 1037 788 Epirotae
1054 704 1245 772 occiderint.

187 812 341 897 Dictique
363 809 397 871 in
425 828 558 872 excessu
583 804 761 869 Basternici
786 818 903 867 motus.
926 802 970 865 Ut
992 826 1032 869 ex
1057 804 1274 874 Macedonian

187 912 373 979 Demetrius
390 911 432 975 sit
448 932 466 973 a
481 908 639 973 Dardanis
656 906 764 988 fusus,
785 922 1007 993 quo„mortuo
1030 911 1166 975 tutelam
1190 912 1251 977 lilii

76 1060 82 1066 -
190 1016 258 1097 ejus
273 1014 416 1103 Philippi
429 1012 571 1101 suscepit
582 1010 781 1099 Antigonus,
794 1008 852 1095 qui
862 1007 1076 1099 Thessaliam,
1088 1012 1251 1095 Moesiam,

189 1116 385 1183 Dardaniam
401 1113 562 1195 subjecit:
578 1129 610 1178 et
626 1110 743 1192 adjutis
759 1110 884 1174 Achaeis
903 1126 1016 1174 contra
1031 1134 1142 1201 regem
1159 1116 1254 1204 Spar-

189 1236 303 1283 tanum
325 1218 552 1297 Cleomenem,
569 1215 656 1303 cepit
676 1211 930 1277 Lacedaemona:
946 1216 1128 1304 amissoque
1151 1240 1255 1309 regno

191 1321 384 1387 Cleomenes
401 1320 577 1409 Spartanus
593 1315 741 1406 confugit
758 1314 1005 1398 Alexandriam,
1022 1332 1119 1405 atque
1136 1320 1184 1385 ihi
1204 1322 1255 1385 in·

131 1417 132 1420 ¹
191 1424 290 1490 teriit.
306 1424 440 1487 Dictum
458 1422 495 1485 in
514 1442 648 1487 excessu
663 1419 789 1485 bellum
805 1420 993 1508 Illyricum,
1010 1419 1101 1508 quod
1117 1423 1255 1489 Romani
1268 1432 1284 1485 3

192 1548 321 1615 gessere
335 1548 411 1590 cum
425 1525 542 1589 Teuta.

454 1680 697 1738 PROLOGUS
718 1680 846 1736 LIBRI
865 1678 999 1736 XXIX.

238 1822 501 1889 Undetricesimo
524 1798 699 1887 volumine·
718 1826 930 1897 continentur
953 1821 1024 1887 haec
1048 1846 1057 1885 :
1078 1822 1141 1889 Res
1164 1823 1286 1914 gestaer

195 1928 341 2018 Philippi
360 1926 445 2016 regis
465 1925 619 1991 adversus
634 1923 809 1989 Dardanos
827 1940 861 1988 et
881 1922 1019 1989 AEtolos.
1037 1924 1262 2017 Repetitaeque

195 2027 274 2094 inde
290 2030 425 2093 Creticae
441 2027 583 2116 origines
596 2047 605 2090 r
618 2026 697 2090 Post
713 2027 806 2106 cujus
826 2027 939 2089 insulae
961 2030 1168 2112 societatem,
1183 2030 1289 2099 Phi-2

196 2132 306 2221 lippus
316 2152 392 2195 cum
406 2129 541 2217 Illyriis,
552 2144 586 2193 et
598 2126 772 2206 Dardanis,
783 2142 815 2191 et
829 2150 941 2190 rursus
951 2126 1069 2194 AEtolis
1080 2132 1168 2195 bello
1183 2156 1263 2197 con-

198 2254 325 2323 gressus
341 2246 407 2312 est,
423 2229 651 2310 adjuvantibus
664 2227 794 2292 AEtolos
810 2228 974 2294 Romanis.
992 2232 1068 2310 Quo
1087 2232 1196 2315 finito,
1213 2236 1264 2299 in..

199 2334 276 2397 tulit
291 2332 409 2397 AEtolis
425 2331 562 2396 bellum.
916 2340 918 2344 ’

466 2471 717 2529 PROLOGUS
737 2468 867 2529 LIBRI
888 2470 1002 2529 XXX.

246 2606 429 2671 Tricesimo
444 2605 615 2671 volumine
631 2601 845 2669 continentur
860 2604 929 2669 haec
944 2626 952 2669 ε
967 2604 1028 2689 Ut,
1043 2620 1175 2674 mortuo
1190 2610 1295 2687 Pto-1

204 2713 318 2777 lemaeo
330 2710 525 2800 Tryphone,
541 2707 626 2773 lilius
639 2708 707 2789 ejus
726 2706 929 2797 Philopator¹
939 2708 1138 2775 Antiochum
1158 2736 1271 2805 regem

204 2879 265 2914 rum
285 2859 335 2911 tuit
352 2859 500 2912 Antiochus
521 2860 652 2930 Magnus,
669 2856 717 2930 qui
792 2858 898 2911 XXIX.
914 2877 937 2914 1.
952 2861 1090 2915 Dardanos.
1110 2866 1171 2919 Duo
1190 2866 1273 2921 codd.

205 2936 279 2990 fratri
289 2954 331 2988 an.
343 2938 390 2989 ⁵31
403 2934 546 2990 succedens
553 2936 676 3010 regnavit
683 2935 717 2988 ad
758 2924 896 3003 Romanos,
917 2933 994 3011 proh.
1017 2942 1197 3015 Longeruaeo3
1218 2948 1272 3000 Ro·

206 3032 307 3067 ennum
317 3031 402 3083 usque
415 3017 474 3085 567.
760 3016 831 3069 mani
851 3012 939 3082 enim,
955 3034 1011 3071 non
1033 3018 1164 3089 Dardani,
1183 3034 1275 3077 contre

243 3091 381 3142 XXVlIl.
399 3110 422 3143 1.
433 3095 576 3144 Basternici.
588 3094 642 3146 Seu
657 3093 719 3145 Bes·
761 3095 917 3167 Philippum
928 3114 1018 3167 regern
1029 3100 1206 3154 Macedonum
1220 3104 1275 3155 lue-

209 3167 614 3233 tamarum,utedid.h10dius.
763 3173 873 3227 suntin
893 3174 963 3227 hello
984 3176 1048 3228 socii
1069 3180 1226 3233 AEtolorum.
1241 3210 1276 3220 --

248 3268 272 3301 a.
285 3250 336 3300 Ee.
355 3244 463 3299 Medius
481 3245 553 3299 edid.
573 3266 625 3299 ree.
644 3245 721 3300 Certe
765 3248 850 3305 Intulit
880 3254 977 3305 AErolr's.
1014 3253 1090 3306 Idem
1121 3255 1278 3309 emendabat

211 3347 267 3383 non
288 3345 320 3379 ex
339 3324 495 3378 Macedonia
515 3324 640 3378 fuderunt
656 3326 724 3377 Dar·
767 3329 959 3381 Atheniensibus.

213 3406 276 3461 dani
288 3406 450 3459 Demetrium
463 3404 606 3474 (Antigoni
616 3404 726 3477 Conatse
802 3406 891 3459 XXX.
903 3409 1063 3480 :sepphoram
1072 3410 1149 3463 Conl.
1157 3409 1281 3476 XXVII,

213 3482 727 3555 filium,regemperan.51a·5n).Hinc
755 3478 800 3551 '1,
814 3478 871 3539 not.
890 3498 917 3537 et
935 3489 958 3554 S.
979 3488 1004 3540 5.
1022 3488 1126 3541 Nomen
1145 3488 1232 3559 ipsum
1252 3488 1281 3541 iu

214 3565 394 3634 Longeruoeus
400 3559 554 3631 emendabat
563 3564 647 3612 exiens
654 3581 667 3611 e
674 3565 728 3611 Mc·
769 3563 849 3619 codd.
857 3562 1029 3635 depravamur
1040 3566 1204 3637 Utrumlmm,
1212 3576 1283 3621 recte

216 3637 726 3704 cedoniafflurmedideaMacedonica.
770 3656 858 3696 autern
882 3661 897 3694 a
916 3644 1047 3695 'RomauIs
1071 3642 1151 3697 codd.
1175 3657 1202 3696 et
1228 3664 1283 3699 uno
1341 3674 1343 3681 ·

217 3750 254 3764 ..
273 3721 349 3787 Qui...
366 3716 524 3769 Dardaniam.
541 3718 585 3770 Sic
600 3718 654 3769 hoc
670 3718 730 3769 loco
771 3719 860 3792 Lugd.
890 3732 1022 3775 servatum
1052 3726 1202 3793 conjectura
1229 3726 1284 3795 jam

216 3798 331 3851 restituit
342 3797 500 3867 Bongersius
512 3814 593 3868 prave
611 3796 639 3849 in
655 3794 731 3847 codi-
773 3810 877 3851 eruerat
887 3800 1010 3869 Rutgers.
1022 3818 1077 3851 rar.
1091 3799 1126 3865 V,
1140 3821 1165 3871 7.
1177 3830 1214 3843 -
1223 3808 1286 3876 Ropt'

219 3877 293 3930 cibus
314 3874 466 3928 distinctum
485 3872 599 3945 indeque
619 3892 730 3944 corrup·
775 3879 827 3928 ei...
841 3876 1006 3947 Agathoclea.
1019 3877 1090 3948 Lege
1104 3896 1163 3932 cum
1179 3881 1286 3936 duobus

221 3968 277 4008 tum
289 3974 334 4027 que
346 3954 505 4005 Tlressalr‘oein
514 3955 606 4017 Asiam,
621 3955 731 4004 evum:
774 3950 854 4006 codd.
869 3952 970 4023 Lugd.,
985 3973 1053 4025 quos
1067 3957 1185 4012 Gronov.
1199 3961 1286 4030 seqni-

220 4050 336 4107 proquo
348 4033 493 4105 posteriore
504 4048 606 4085 correx.
617 4030 652 4085 Is.
665 4033 733 4085 Vos·
775 4043 834 4097 tur,
847 4032 943 4104 qulrioe
955 4035 1004 4103 ipse
1016 4054 1108 4098 amore,
1121 4050 1150 4089 ut
1159 4040 1214 4109 jem
1225 4056 1287 4092 con·

222 4113 276 4166 sius
287 4111 339 4165 alio
351 4110 433 4163 modo
447 4111 553 4162 Daciam.
773 4112 871 4183 jecerat
890 4111 977 4167 Vales.
998 4111 1032 4167 ad
1052 4114 1146 4190 Polyb.
1170 4118 1286 4191 excerpi.
