2967 4684
367 397 750 469 HISTORIARUM
776 400 935 469 LIBER
962 397 1024 467 IV.
1166 398 1232 492 πάρ

162 520 237 591 rori
249 532 389 604 essent,
400 520 440 589 in
453 539 611 615 quorum
625 517 753 591 auxilia
768 520 1017 592 mittebantur.
1032 518 1135 589 Brevi
1149 536 1231 616 post
1246 541 1261 595 t

161 646 344 727 tempore,
364 644 534 700 revocato
557 628 603 699 ad
624 643 765 699 reatum
790 629 994 717 Alcibiade,
1014 626 1088 699 duo
1111 627 1232 726 praelia

160 740 340 839 pedestria
355 739 516 811 secunda
529 740 651 810 Nicias
666 752 702 809 et
718 738 921 811 Lamachus
937 736 1096 809 faciunt:
1111 740 1259 809 muni-⁵

160 848 323 933 tionibus
352 849 486 921 deinde
516 848 772 939 circumdatis,
795 850 919 921 hostes
947 853 1054 922 etiam
1082 851 1230 923 marinis

160 960 422 1033 commeatibus
448 962 489 1033 in
515 958 609 1030 urbe
637 960 778 1032 clausos
805 960 1066 1033 intercludunt.
1088 959 1258 1048 Quibuss

158 1071 269 1145 rebus
285 1070 391 1144 fracti
409 1073 624 1169 Syracusani
641 1072 814 1142 auxilium
831 1096 851 1142 a
869 1070 1151 1143 Lacedaemoniis
1166 1094 1229 1168 pe·

159 1182 328 1254 tiverunt
343 1182 399 1253 Ab
414 1181 472 1253 his
490 1183 647 1252 mittitur
666 1180 846 1281 Gylippus
869 1182 985 1269 solus,
1006 1182 1069 1255 sed
1090 1182 1130 1251 in
1152 1206 1257 1280 quo7

158 1295 274 1365 instar
295 1296 462 1365 omnium
483 1293 701 1366 auxiliorum
721 1307 807 1363 erat
827 1298 882 1381 Is,
900 1292 1024 1363 audito
1041 1294 1080 1361 in
1099 1293 1257 1363 itineres

159 1400 245 1474 belli
263 1404 337 1500 jam
360 1403 537 1475 inclinato
558 1418 673 1491 statu,
691 1402 831 1475 auxiliis
853 1404 985 1501 partim
1008 1405 1048 1473 in
1069 1404 1228 1491 Graecia,

158 1517 290 1613 partim
323 1516 363 1585 in
391 1515 509 1586 Sicilia
540 1516 759 1603 contractis,
783 1528 993 1612 opportuna
1022 1512 1120 1583 bello
1149 1512 1228 1584 loca

160 1641 324 1723 occupat.
350 1625 505 1697 Duobus
533 1623 667 1697 deinde
694 1624 825 1724 praeliis
849 1628 988 1713 victus,
1013 1648 1227 1721 congressus
1258 1660 1274 1709 9

159 1738 286 1826 tertio,
298 1738 421 1809 occiso
435 1736 636 1824 Lamacho,
650 1750 687 1807 et
701 1734 825 1809 hostes
839 1738 878 1806 in
894 1734 1016 1833 fugam
1031 1735 1228 1833 compulit,
1313 1762 1316 1767 ·

159 1860 196 1917 et
215 1849 335 1919 socios
354 1846 547 1919 obsidione
567 1846 741 1919 liberavit.
763 1847 832 1919 Sed
854 1872 967 1944 quum
990 1845 1227 1919 Athenienses
1243 1880 1274 1919 ιο

158 1979 180 2025 a
196 1956 293 2028 bello
308 1960 470 2029 terrestri
484 1959 524 2029 in
539 1958 668 2029 navale
685 1982 723 2029 se
742 1958 1033 2047 transtulissent,
1048 1958 1227 2057 Gylippus
1300 1970 1305 1979 '

158 2065 306 2138 classem
327 2068 586 2139 Lacedaemone
608 2092 692 2138 cum
717 2068 858 2139 auxiliis
883 2070 1040 2141 arcessit.
1062 2072 1145 2158 Quo
1166 2092 1227 2140 co-
1242 2100 1271 2135 ιι

157 2178 272 2273 gnito,
280 2193 317 2248 et
326 2179 395 2276 ipsi
404 2176 646 2250 Athenienses
654 2181 693 2248 in
706 2179 829 2249 locum
842 2180 961 2251 amissi
972 2178 1073 2249 ducis
1081 2182 1229 2251 Demos

157 2286 308 2359 thenem
319 2304 356 2361 et
367 2290 658 2387 Eurymedonta,
671 2313 757 2360 cum
769 2289 1025 2387 supplemento
1040 2290 1226 2386 copiarum

156 2399 335 2467 mittunt:
354 2400 610 2498 Peloponnesii
636 2424 806 2496 quoque,
832 2398 1019 2469 communi
1043 2400 1226 2469 civitatum
1242 2434 1271 2468 η

158 2504 326 2595 decreto,
341 2509 501 2605 ingentia
518 2510 752 2605 Syracusanis
770 2508 898 2580 auxilia
912 2510 1040 2579 misere
1055 2524 1112 2580 :et
1125 2512 1226 2605 quasi

156 2620 303 2689 Graeciae
328 2618 466 2691 bellum
488 2622 528 2690 in
553 2619 709 2692 Siciliam
732 2619 947 2691 translatum
975 2632 1086 2705 esset,
1111 2620 1160 2691 ita
1181 2645 1226 2690 ex

158 2742 311 2826 utraque
329 2744 430 2826 parte
449 2732 598 2802 summis
616 2726 756 2805 viribus
774 2729 1024 2801 dimicabatur.

203 2840 243 2907 V.
268 2840 386 2909 Prima
414 2840 523 2937 igitur
548 2841 807 2938 congressione
833 2841 969 2911 navalis
998 2844 1252 2931 certaminis,1

158 2942 396 3021 Athenienses
427 2951 635 3023 vincuntur.
666 2954 792 3023 Castra
823 2976 972 3048 quoque
1005 2977 1089 3024 cum
1123 2956 1225 3025 omni

190 3167 214 3223 4.
231 3166 348 3213 Remeato
367 3163 403 3213 ad
417 3174 508 3214 reatum
524 3162 665 3227 Alcibiade,
708 3165 812 3215 omnium
820 3184 831 3227 ,·
855 3162 932 3233 Virg.
960 3166 1020 3216 AEn.
1048 3162 1123 3229 v11,
1147 3180 1222 3234 707:

156 3248 205 3290 etc.
216 3238 295 3291 Conl.
307 3241 388 3294 Corn.
403 3242 431 3295 in
444 3242 499 3294 vita
510 3237 665 3305 Alcibiadis,
710 3243 811 3293 Clausus
823 3244 907 3310 magni
917 3245 1020 3311 agaunis
1032 3244 1117 3291 instar.

156 3332 211 3387 eap.
225 3317 285 3382 3-4,
297 3330 324 3370 et
333 3320 386 3371 hoe
398 3318 459 3371 loeo
470 3318 585 3384 intrav,
600 3336 628 3384 ι,
641 3336 665 3370 1.
743 3336 785 3371 ro.
796 3318 973 3369 medanam.
984 3317 1074 3370 Plures
1080 3314 1142 3367 edd.
1152 3334 1168 3365 a
1176 3320 1223 3366 La-

155 3394 234 3448 mod.
242 3396 289 3448 lib.
302 3396 390 3461 xm,
403 3398 486 3470 cap.5
500 3414 507 3451 τ
519 3400 665 3450 Ἀπέστειλε
707 3397 851 3449 cedoemone.
867 3414 912 3447 nn.

155 3473 183 3541 (i
198 3474 297 3541 efnei)
313 3472 357 3528 cir
376 3477 533 3543 Σιλαμιιίιν
553 3474 612 3528 teir
633 3474 665 3529 eie
752 3492 792 3526 tr.
821 3478 878 3524 Cum
904 3470 1064 3543 supplemento
1092 3470 1220 3541 copiarum.

154 3554 282 3611 annuas,
293 3548 396 3606 seuerior
407 3549 451 3607 air
462 3554 586 3619 ταχίστη
600 3549 665 3606 ineu
708 3552 775 3604 Cum
789 3551 821 3621 75
834 3550 943 3603 navibus
958 3561 984 3601 et
1000 3548 1068 3601 5000
1080 3546 1220 3611 militibus,

151 3622 314 3681 'enutritur
336 3631 379 3682 lei
399 3626 442 3684 σὺ
463 3632 549 3700 epten.
567 3646 613 3681 eo.
632 3658 667 3671 -
707 3630 795 3683 Thac.
809 3628 877 3695 vll,
891 3631 921 3679 16
933 3640 960 3679 et
972 3645 1013 3680 ao.
1248 3656 1253 3664 ·

154 3704 185 3754 A.
200 3704 236 3756 U.
252 3704 313 3767 340.
746 3726 785 3761 ra.
800 3706 908 3760 Aueilh.
922 3706 989 3769 Qute
1000 3714 1119 3755 recenset.
1132 3702 1220 3757 Thuc.

187 3800 214 3851 7.
227 3786 259 3833 In
271 3800 327 3854 quo.
343 3784 397 3835 Aut
412 3784 501 3855 potine
516 3786 568 3856 qui,
583 3797 614 3837 ut
628 3798 667 3838 est
708 3784 963 3854 V11‚⁵a‚ubicap.
975 3782 1008 3852 57
1021 3781 1221 3835 Atheniensium

153 3856 181 3909 in
190 3857 303 3924 colom,
314 3878 370 3931 quo
379 3873 406 3914 et
416 3862 536 3914 becharii
547 3860 630 3915 editio
640 3874 667 3915 te
708 3866 791 3937 eopia
803 3876 829 3916 et
840 3862 936 3916 auxilia
947 3870 1125 3913 recensentur.

152 3932 242 4002 ducit,
254 3936 283 3989 in
295 3956 347 4008 qua
359 3951 399 3991 eet
411 3938 518 4012 quidem,
531 3938 604 4011 quod
618 3958 668 3993 m·
744 3941 780 3993 V.
791 3958 814 3995 1.
824 3941 1159 4009 Peinuigiturcongressione
1170 3948 1220 3990 ete.

154 4024 211 4065 tum
227 4012 335 4069 ridetur
350 4034 383 4069 ex
401 4022 444 4091 qm·
460 4018 531 4069 idem.
548 4020 593 4072 Sic
610 4019 666 4072 Cic.
709 4020 768 4073 Hoc
787 4018 823 4072 de
840 4017 982 4071 certamine
1000 4016 1091 4071 confer
1111 4016 1221 4087 Thucy·

159 4091 232 4145 Brut.
249 4092 298 4159 51,
311 4095 327 4147 5
340 4110 348 4147 τ
359 4095 431 4149 Plato
445 4097 504 4151 107ιὶ
518 4114 580 4150 unus
596 4098 673 4151 usur
711 4096 803 4153 didem
816 4094 892 4162 vn,
906 4094 998 4158 teta.
