2967 4684
244 355 316 451 476
668 355 879 428 IUSTINI

200 510 233 546 ιο
244 490 353 573 atque
373 472 471 548 adire
492 477 663 573 potuerit.
679 481 773 550 Nam
790 479 933 575 justitiae
955 493 1063 576 atque
1084 473 1303 550 liberalitatis

243 613 316 660 suae
338 612 408 660 nec.
431 589 529 687 ipsos
552 589 703 678 milites,
722 592 788 687 qui
811 591 1061 689 experiantur,
1082 602 1189 660 testes
1208 585 1305 660 resu-

242 724 342 797 gere;
356 713 393 772 et
406 698 466 770 illa
476 699 611 772 indicia
619 699 772 790 habere,
783 701 884 801 quod
895 701 993 774 solus
1004 725 1130 798 regum
1141 701 1305 771 omnium

243 835 321 881 non
340 826 492 909 paterna
507 810 626 883 solum
637 865 647 892 ,
660 837 786 885 verum
803 814 909 886 etiam
928 828 1077 886 externa
1090 837 1219 910 regna,
1235 810 1307 883 be·-

241 921 457 995 reditatibus
490 938 641 1022 propter
674 922 961 996 munificentiam
986 924 1163 1023 adquisita
1192 921 1306 1022 possi·

242 1031 341 1122 deat,
355 1033 527 1122 Colchos,
542 1034 843 1134 Paphlagoniam,
858 1042 1070 1136 Bosporum.
1083 1065 1101 1102 a

216 1176 230 1212 1
291 1149 383 1216 VIII.
400 1149 460 1218 Sic
476 1148 639 1218 excitatis
658 1146 853 1235 militibus,
870 1163 953 1246 post
970 1171 1089 1220 annos
1107 1159 1179 1216 tres
1197 1157 1234 1216 et
1252 1143 1306 1214 vi·

214 1255 334 1352 aginti
353 1259 463 1328 sumti
482 1259 604 1355 regni,
627 1259 666 1328 in
687 1262 854 1330 Romana
874 1258 968 1330 bella
988 1255 1185 1330 descendit
1205 1259 1249 1326 At
1264 1257 1306 1324 in

241 1371 414 1466 AEgypto,
439 1383 586 1440 mortuo
617 1393 701 1465 rege
734 1370 948 1457 Ptolemaeo,
981 1371 1033 1456 ei,
1061 1369 1124 1465 qui
1154 1363 1305 1462 Cyrenis

240 1477 441 1576 regnabat,
467 1478 681 1562 Ptolemaeo,
709 1502 775 1576 per
802 1477 938 1576 legatos
964 1503 1118 1576 regnum
1149 1491 1186 1548 et
1211 1499 1306 1546 uxor

212 1594 229 1647 3
242 1588 432 1685 Cleopatra
448 1588 589 1683 regina,
604 1611 710 1658 soror
725 1587 857 1687 ipsius,
876 1587 1046 1662 defertiu.
1062 1595 1181 1660 Laetus
1198 1586 1306 1683 igitur

241 1695 314 1768 hoc
330 1696 408 1766 solo
426 1695 658 1785 Ptolemaeus,
677 1697 780 1793 quod
798 1701 877 1772 sine
893 1701 1090 1772 certamine
1104 1695 1304 1770 fraternum

240 1831 396 1904 regnum
408 1807 665 1905 recepisset,in
676 1807 779 1905 quod
790 1808 985 1881 subornari
997 1823 1192 1882 etamatre
1203 1806 1305 1880 Cleo-

240 1933 360 2016 patra,
374 1933 411 1990 et
423 1916 545 1990 lavore
558 1920 784 2018 principum,
799 1918 918 1994 fratris
931 1919 1047 1992 filium
1065 1931 1303 2019 cognoverat,

243 2041 413 2100 caeterum
434 2026 588 2102 infestus
610 2027 803 2119 omnibus,
822 2034 942 2104 statim
964 2032 1029 2105 ubi
1052 2028 1304 2104 Alexandriam

212 2139 424 2238 tingressus
449 2156 521 2228 est,
541 2138 700 2213 fautores
723 2145 827 2240 pueri
852 2143 1024 2215 trucidari
1044 2143 1157 2240 jussit.
1179 2145 1304 2238 Ipsum

243 2277 392 2350 quoque
405 2253 463 2324 die
476 2255 706 2351 nuptiarum,
719 2253 854 2351 quibus
872 2269 1026 2326 matrem
1041 2253 1118 2349 ejus
1132 2253 1171 2320 in
1185 2249 1304 2319 matri·

241 2367 409 2436 monium
440 2364 658 2464 recipiebat,
684 2367 781 2436 inter
812 2365 1003 2465 adparatus
1035 2361 1241 2462 epularum,
1268 2373 1306 2430 et

242 2473 408 2546 solennia
426 2475 664 2573 religionum,
684 2477 723 2546 in
748 2477 940 2576 complexu
963 2476 1087 2548 matris
1108 2468 1304 2544 interficit:

242 2599 351 2682 atque
370 2588 420 2656 ita
438 2601 560 2656 torum
578 2587 730 2675 sororis,
750 2585 847 2658 carde
863 2585 928 2657 filii
947 2587 1024 2682 ejus
1040 2595 1228 2670 cruentus,
1241 2578 1305 2650 ad·

213 2694 394 2766 escendit.
408 2701 494 2768 Post
511 2696 613 2794 quod
630 2723 709 2768 non
727 2699 850 2769 mitior
864 2699 903 2768 in
919 2696 1127 2797 populares,
1141 2693 1205 2792 qui
1221 2715 1305 2766 eum

241 2807 282 2875 in
298 2831 452 2903 regnum
468 2823 704 2896 vocaverant,
718 2806 788 2879 fuit
801 2837 809 2879 :
824 2809 1002 2907 siquidem
1021 2806 1218 2906 peregrinis
1236 2805 1304 2873 mi·

233 2915 364 2987 -litibus
384 2916 531 2989 licentia
552 2916 659 2989 caedis
677 2917 778 3009 data,
800 2923 924 2993 omnia
946 2923 1121 3018 sanguine
1142 2912 1305 3015 quotidie

279 3075 320 3111 ro.
334 3058 437 3112 Indicia.
451 3060 525 3115 Med.
539 3073 567 3114 et
578 3063 636 3116 Par.
645 3063 752 3133 judicia.
794 3068 862 3129 cori,
874 3067 932 3136 regi
942 3083 991 3138 per
1000 3081 1083 3117 annor
1095 3059 1307 3124 dod-&fimor-

276 3135 360 3189 v111.
374 3157 396 3191 1.
407 3141 597 3194 Romanabella.
608 3142 753 3195 Bellatum
794 3143 833 3196 tui
845 3143 960 3211 fratris.
975 3143 1009 3208 3,
1023 3141 1082 3195 Lir.
1097 3139 1168 3212 Epir.
1183 3135 1256 3190 le.
1270 3165 1307 3174 —-

240 3215 366 3272 Romanis
375 3216 570 3292 gerenda,qme
580 3219 677 3273 Noster
687 3240 753 3294 pro-
796 3225 904 3294 Cyrenis,
916 3223 951 3274 Et
963 3221 992 3273 in
1006 3220 1089 3294 Libya
1104 3236 1137 3272 ex
1155 3233 1225 3270 anno
1242 3210 1307 3266 inde

240 3294 316 3358 terit,
323 3295 429 3348 nonnisi
436 3307 503 3349 taeta
510 3315 655 3370 eupracup.
662 3299 754 3364 3,8‚et
795 3303 846 3370 596
854 3298 934 3353 Diod.
942 3297 1052 3364 xm,
1062 3300 1108 3363 263
1115 3291 1253 3358 XXXIII,
1263 3309 1309 3348 ιο.

240 3372 391 3439 mvn,
398 3393 423 3441 r,
431 3393 488 3446 7·9.
497 3377 576 3430 Bellis
586 3389 688 3443 autem,
695 3395 755 3450 qun
829 3380 855 3433 3.
866 3385 955 3431 Matre,
965 3377 1043 3442 Filii,
1054 3393 1134 3448 vem
1143 3371 1309 3427 Philometor

240 3451 279 3506 ibi
294 3466 550 3520 commemorantur,
563 3473 625 3508 eum
639 3457 711 3510 Sulla
728 3467 755 3508 et
794 3458 937 3530 reliquerat
961 3455 1113 3528 pupillum,
1137 3471 1201 3523 ergo
1226 3451 1309 3522 bujut

236 3529 355 3584 'Lucullo
368 3533 460 3604 gestia,
474 3533 603 3588 tandema
612 3535 664 3589 Cn.
674 3537 755 3589 Pom·
795 3536 941 3609 Physconis
952 3553 1048 3598 soron,
1060 3535 1085 3601 S.
1098 3539 1127 3597 4,
1139 3530 1200 3584 ooll-
1215 3529 1239 3596 S·
1253 3547 1278 3580 ²·

242 3609 304 3682 peio
316 3611 417 3682 Magno
429 3613 535 3686 fugatus
547 3616 580 3666 Α.
593 3615 628 3667 U.
642 3615 703 3685 607,
712 3615 755 3666 in-
826 3607 1308 3681 4.r0rum...adscmdu.conf.roumo

242 3687 317 3741 tidiia
329 3689 470 3744 Pharnacis
485 3691 534 3744 lilii
545 3691 659 3763 petitus,
672 3711 756 3764 quum
799 3693 907 3766 OEdipe,
917 3703 966 3744 oct.
978 3697 1026 3755 IV,
1035 3710 1070 3742 sc,
1081 3687 1165 3756 nubi
1173 3693 1285 3738 Iocaste:

242 3763 340 3818 frum
371 3785 504 3821 venenum
533 3781 659 3863 expfrtua
689 3783 757 3823 esset
951 3803 1018 3858 „fig
1028 3804 1140 3854 „imm
1149 3795 1299 3850 „mpure

243 3841 416 3910 (XXXVII,
429 3866 461 3911 2,
473 3850 526 3916 6),
540 3845 718 3901 ooeldmdum
728 3867 756 3902 Ε
799 3871 847 3925 Qu
861 3867 970 3924 majus,
986 3881 1028 3920 W
1042 3880 1067 3907 ca
1080 3871 1190 3909 mam,
1206 3856 1313 3900 tumul!

243 3918 324 3972 tradit
330 3921 430 3977 Bituito
438 3923 545 3978 cuidam
553 3927 630 3980 Gallo
639 3945 682 3979 an.
692 3930 754 3996 690.
1150 3925 1260 3966 ΝΜ
1270 3921 1314 3994 Ψὲ

243 3997 383 4069 nvum.
391 4000 541 4066 cinno.
551 4003 613 4069 111,
626 4007 657 4070 s,
671 4008 713 4060 2⁶.
800 3992 1037 4052 0⁸⁸1'0‘”⁰⁶‘''⁶¹''¹
1050 3987 1313 4084 ”““’“’””’“””ἳ,ἶ’

275 4078 757 4170 'fmfflfflfflfffixlvv
796 4057 1316 4170 nuonmtmsmessmrmmnlewi

244 4173 278 4222 a,
291 4175 309 4228 7
322 4169 349 4212 et
362 4157 388 4209 8.
402 4187 437 4198 -
450 4163 512 4211 Ee...
526 4161 662 4215 rtokmoeo.
675 4163 756 4236 Phys·
1208 4171 1271 4225 ptrae·
1281 4181 1319 4210 ιι.
