2967 4684
257 368 327 444 518
679 365 894 436 JUSTINI
923 370 926 379 “

256 483 372 564 ¹sauclo
391 492 431 562 in
454 503 597 562 tannim
621 488 848 576 enituerunt,
870 502 929 577 ut,
944 489 1047 564 vietis
1071 487 1257 580 hosfium,
1276 493 1318 566 in

256 603 404 700 captivis
420 603 513 698 agris
531 599 660 688 mullas
680 598 840 671 colonias
855 603 1130 676 constituerent.

229 743 241 778 1
305 715 361 782 Ν.
376 710 431 784 Ab
447 709 503 782 his
522 711 629 809 igitur
644 709 753 797 Galli,
772 723 809 780 et
831 736 936 794 usum
954 714 1035 784 vitae
1057 712 1238 802 muneris,
1255 714 1319 786 de·

256 823 372 921 posita
389 837 425 892 et
442 819 683 892 mansuefacta
700 820 882 910 barbaria,
897 837 933 894 et
949 849 1118 922 agrorum
1131 825 1268 914 cultus,
1281 842 1321 899 et

227 933 365 1007 zurbes
385 933 566 1020 moenihus
586 935 730 1030 cingere
751 932 968 1010 didicerunt.
981 939 1086 1009 Tune
1102 951 1139 1008 et
1159 935 1320 1035 legibus,

256 1071 333 1121 uon
353 1047 460 1118 armis
478 1047 616 1132 vivere,
635 1059 724 1116 tunc
741 1058 778 1117 et
797 1045 907 1119 vitem
925 1061 1069 1144 putare,
1085 1061 1175 1120 tunc
1188 1048 1319 1120 olivam

256 1181 374 1228 serere
394 1171 684 1229 consueverunt:
703 1155 867 1254 adeoque
881 1182 1035 1255 magnus
1051 1173 1088 1230 et
1105 1159 1321 1231 homiuibus

256 1282 293 1338 et
304 1267 413 1338 rebus
429 1270 616 1366 impositus
631 1283 685 1338 est
699 1271 808 1354 nitor,
818 1284 861 1340 ut
874 1293 952 1343 non
965 1272 1101 1343 Graeeia
1114 1271 1154 1341 in
1166 1269 1320 1342 Galliam

258 1383 466 1476 emigrasse,
486 1380 548 1452 sed
566 1378 680 1453 Gallia
691 1382 730 1450 in
750 1384 925 1454 Graeeiam
938 1379 1110 1455 translata
1127 1380 1321 1453 videretur.

227 1506 244 1562 3
258 1495 404 1562 Mortuo
425 1515 508 1588 rege
528 1494 661 1562 Nanno
684 1489 993 1586 Segobrigiorum‚
1009 1517 1030 1562 a
1047 1517 1123 1590 quo
1140 1491 1243 1563 locus
1260 1517 1322 1563 ae-

258 1617 383 1699 ceptus
396 1600 596 1671 coudeudae
613 1599 713 1672 urbis
727 1598 860 1688 fuerat,
875 1625 988 1697 quum
1005 1626 1119 1698 regno
1134 1599 1232 1672 filius
1244 1603 1323 1697 ejus

258 1717 442 1782 Cumanus
454 1711 692 1798 successisset,
702 1708 870 1785 adfirmat
881 1713 991 1809 Ligur
1004 1711 1166 1809 quidam,
1176 1743 1194 1778 α
1204 1737 1322 1810 quan-

257 1823 379 1917 doque
408 1819 599 1896 Massiliam
631 1823 740 1895 exilio
771 1819 935 1894 finitimis
965 1822 1109 1922 populis
1140 1820 1323 1913 inituram,

257 1932 606 2030 opprimendamque
620 1933 658 2004 in
673 1933 752 2030 ipso
767 1945 869 2020 ortu,
880 1958 928 2005 ne
939 1957 1025 2004 mox
1038 1932 1189 2005 validior
1201 1935 1324 2033 ipsum

230 2044 467 2130 sobrueret»
485 2043 674 2116 Subnectit
695 2059 731 2116 et
755 2044 853 2116 illam
875 2043 1055 2116 fabrdam:
1070 2073 1088 2112 s
1102 2048 1239 2116 Canem
1260 2047 1324 2116 nli·

259 2156 407 2252 quando
436 2169 550 2252 partu·
570 2155 752 2252 gravidam
781 2155 902 2228 locum
930 2181 951 2227 a
981 2171 1126 2253 pastore
1157 2159 1324 2254 precario

259 2269 407 2364 petisse,
421 2268 459 2338 in
479 2291 552 2363 quo
571 2281 736 2364 pareret:
752 2292 826 2364 quo
844 2265 1018 2354 obtento,
1030 2267 1161 2337 iterato
1177 2270 1324 2365 petisse,

258 2392 301 2448 ut
318 2375 386 2449 sibi
404 2377 558 2452 educare
572 2375 700 2449 eodem
714 2379 754 2448 in
772 2377 855 2450 loco
872 2377 1009 2450 catulos
1022 2378 1147 2450 liceret
1160 2405 1168 2447 ε
1183 2377 1229 2449 ad
1244 2403 1325 2477 pos-

258 2503 415 2563 tremum
442 2487 571 2560 adultis
596 2488 742 2576 catulis,
765 2487 892 2578 fultam
914 2488 1114 2560 domestico
1140 2488 1325 2587 presidio,

230 2601 516 2697 5proprietatem
543 2599 614 2672 loci
642 2599 710 2673 sibi
735 2600 945 2677 vindicasse.
967 2604 1053 2673 Non
1075 2600 1178 2672 aliter
1200 2602 1325 2670 Massi·

259 2708 406 2797 lienses,
419 2713 482 2807 qui
499 2734 599 2782 nunc
615 2710 786 2807 inquilini
800 2710 1007 2801 videantur,
1022 2711 1244 2810 quandoque
1258 2711 1325 2782 do·

230 2823 380 2898 ominus
398 2824 588 2916 regionum
614 2819 794 2896 futuros.»
812 2825 876 2893 His
897 2824 1067 2894 incitatus
1090 2847 1154 2892 rex
1176 2820 1326 2893 insidias

262 2931 546 3004 Massiliensibus
572 2934 686 3004 sirius
708 2939 835 3031 ltaque
852 2932 997 3004 solenni
1013 2931 1249 3004 Floraliorum
1265 2929 1325 3002 die

297 3141 338 3194 13.
353 3144 463 3210 Captivis.
474 3143 570 3195 Melius
578 3149 653 3214 captis
661 3145 734 3198 Junt.
747 3158 774 3200 et
813 3148 872 3200 vius
882 3167 961 3202 evus:
971 3147 1099 3217 adfirmare
1109 3149 1205 3217 regulus
1217 3146 1324 3219 quidam.

259 3237 329 3272 unus
341 3217 401 3270 cod.
415 3219 572 3272 Dereoonl.
587 3222 670 3272 Tacit.
682 3225 771 3293 Agr-ic.
849 3227 1003 3289 4.Fabulam
1034 3225 1324 3292 Phsdr.1‚19;oeu.

260 3295 343 3361 XVI,
358 3315 389 3360 ²3
405 3298 461 3350 Liv.
477 3301 517 3363 X,
532 3317 560 3364 1,
574 3301 688 3370 7;Curt.
704 3303 773 3368 Vll,
813 3305 929 3376 'l’hueyd
955 3305 1000 3368 11,
1021 3305 1069 3368 13,
1086 3305 1144 3356 Lis.
1163 3303 1214 3368 lv,
1232 3304 1276 3374 37.
1290 3334 1327 3345 -

262 3377 506 3439 10‚16;X‚=‚8.
815 3383 893 3434 Cous.
907 3381 1327 3454 etiamwontum11‚7,qur

297 3457 374 3507 Νι
400 3461 519 3524 Agrorum
530 3457 615 3509 cultus.
634 3458 666 3508 In
680 3458 722 3510 his
733 3459 774 3510 vi·
814 3459 1326 3522 exhaclalrulahanoseutentiumelioit:

262 3546 315 3587 tem
338 3545 365 3586 et
388 3534 473 3586 oleam
493 3548 677 3604 cognoverunt
698 3538 722 3602 S·
747 3555 772 3588 2-
817 3556 914 3610 sequor·
922 3555 1328 3607 umammssnumjomom

261 3615 365 3678 Qusnla
380 3631 451 3665 nuno
464 3632 553 3666 rerum
566 3613 693 3666 mutatio!

299 3712 312 3744 2
360 3695 376 3720 ⁷'
415 3731 421 3743 .
506 3691 513 3704 '
567 3691 572 3702 '

839 3807 863 3845 11
865 3807 920 3857 saut
927 3805 1030 3858 plaider5
1041 3807 1059 3845 1⁴1
1064 3806 1118 3859 saul
1126 3809 1253 3848 curabam.

298 3849 324 3899 3·
336 3847 458 3916 Adfilml
465 3851 541 3919 ΠΝ
548 3845 652 3921 qlddffl·
664 3849 702 3900 Ῑῖἓ
712 3845 773 3900 Ald·
839 3869 990 3908 luisses-leur
996 3869 1091 3920 prendre
1100 3883 1129 3909 un
1135 3870 1191 3920 pind
1198 3871 1251 3908 clm
1259 3878 1324 3917 nott,

264 3936 292 3976 et
304 3925 376 3976 lunt.
393 3927 498 3980 Cuterae
515 3925 643 3980 editiones
657 3927 687 3989 5,
704 3927 774 3978 snti-
839 3931 1229 3984 rrsmwonrsimsrprisquen.
1251 3941 1287 3969 ²·-

265 4019 324 4072 qun
332 4003 458 4056 exhibent
467 4003 610 4072 adimente
619 4004 702 4074 regulo
711 4023 773 4078 quo·
847 4007 874 4058 6.
890 4007 965 4056 Struit
986 4001 1055 4055 Dedi
1072 4021 1134 4055 eum
1149 4003 1236 4056 Gron.
1256 4018 1326 4065 svo,

265 4079 337 4142 dam,
355 4080 383 4132 in
398 4099 452 4152 quo
465 4101 547 4153 quum
565 4084 636 4135 nulle
656 4081 689 4134 sit
708 4101 774 4134 oon·
813 4081 887 4153 qnod
898 4083 926 4135 in
939 4081 1001 4134 edd.
1012 4093 1038 4135 et
1049 4080 1129 4134 codd.
1140 4093 1270 4134 mutatum
1283 4092 1326 4132 est

264 4158 390 4223 structio,
401 4159 497 4231 corrigi
511 4159 540 4212 id
551 4161 656 4219 volebat
666 4162 773 4218 Grono·
813 4159 843 4214 in
857 4163 967 4226 ι’κειηιὲῐ,
984 4163 1097 4225 mm,
1111 4163 1238 4224 meme,
1252 4161 1326 4211 lasei-
