2967 4684
387 350 768 457 HISTORIARUM
792 356 952 431 LIBER
977 363 1085 434 VIII.
1202 392 1269 465 ¹99

201 468 304 563 cujus
316 464 363 538 ah
376 492 420 539 eo
433 467 643 542 dilationem
658 455 711 545 ter
721 476 795 572 jam
811 470 982 565 emerant.
998 462 1148 559 Foedum
1163 515 1297 589 pror-7

201 596 261 651 sus
270 577 589 680 miserandumque
598 588 854 680 spectaculum,
864 592 1039 667 Graeciam
1049 602 1154 670 etiam
1165 628 1267 676 nunc

200 702 237 759 et
249 688 387 761 viribus
408 705 444 761 et
462 690 634 791 dignitate
652 696 752 768 orbis
771 701 950 773 terrarum
970 710 1195 807 principem,
1210 738 1267 785 rc·

200 824 285 898 gum
297 814 395 873 certe
408 807 644 903 gentiumque
657 832 800 908 semper
812 812 1266 904 victriccm,etmultarum

202 910 319 983 adhuc
343 912 492 985 urbium
516 915 700 989 dominam
711 927 726 1009 ,'
746 921 872 995 alienis
894 928 1074 1002 excubare
1102 931 1267 1023 sedibus,

202 1036 262 1093 aut
284 1038 473 1121 rogantem
501 1025 657 1115 bellum,
679 1046 740 1102 aut
764 1032 1023 1132 deprecantem
1037 1044 1104 1112 :in
1123 1036 1296 1118 alteriuse

202 1157 270 1231 ope
288 1158 435 1205 omnem
457 1160 558 1234 spem
583 1140 746 1238 posuisse
768 1143 867 1217 orbis
888 1162 1067 1221 terrarum
1085 1152 1268 1244 vindices,
1372 1144 1375 1149 ¹

201 1267 316 1340 eoque
339 1244 518 1317 discordia
537 1273 617 1338 sua,
636 1250 875 1351 civilibusque
899 1256 1005 1329 bellis
1027 1258 1209 1353 redactos,
1227 1281 1268 1336 ut

200 1353 391 1426 adulentur
412 1356 511 1429 ultro
538 1359 720 1432 sordidam
746 1365 866 1461 paullo
889 1382 974 1439 ante
998 1368 1171 1444 clientela
1196 1400 1267 1446 snas

199 1480 358 1563 partem:
372 1481 408 1537 et
425 1466 503 1536 haec
521 1473 750 1565 potissimum
763 1472 881 1548 lacere
893 1475 1088 1552 Thebanos
1102 1482 1266 1583 Laceda-
1279 1517 1296 1566 9

199 1577 430 1675 moniosque,
439 1590 546 1647 antea
555 1577 651 1647 inter
665 1604 702 1648 sc
715 1583 874 1678 imperii,
884 1609 985 1657 nunc
995 1591 1143 1659 Graeciae
1156 1594 1267 1689 impe-

197 1688 311 1757 rantis
327 1686 483 1758 aenrttlos.
500 1685 687 1785 Philippus
699 1688 950 1764 venditatione
963 1697 1083 1791 gloriae
1097 1724 1169 1769 suae
1186 1716 1312 1772 tan-10

198 1810 315 1869 tarum
341 1797 488 1870 urbium
517 1796 699 1869 fastidium
729 1801 857 1897 agitat3
878 1818 988 1901 atque
1015 1821 1116 1879 utros
1145 1814 1267 1909 potius

231 2044 255 2095 7.
272 2028 353 2079 Etiam
368 2046 441 2079 nunc.
458 2028 480 2079 1.
498 2045 522 2080 e.
540 2039 597 2081 tum
615 2028 708 2093 etiam,
749 2026 1267 2105 inepteplsneidemrepetiturinGroe'cioe

197 2120 278 2175 quum
303 2105 360 2159 hoc
385 2107 547 2177 agebantur,
575 2106 630 2161 sive
657 2107 709 2159 hoc
749 2108 887 2177 imperantis
903 2111 1011 2163 emulis.
1030 2112 1099 2167 Hinc
1114 2128 1190 2167 acute
1204 2134 1266 2170 sane

196 2181 273 2232 etiam
289 2194 426 2255 tempore,
440 2184 467 2235 in
483 2204 537 2255 quo
555 2202 628 2255 nunc
646 2184 708 2237 sub·
749 2185 884 2255 Altingius
894 2188 1008 2260 conjecit
1019 2192 1265 2265 grartaeffhtlippi)

196 2256 328 2324 sistimus,
348 2260 382 2313 de
405 2280 459 2333 quo
479 2264 534 2334 jam
560 2261 717 2319 scribimus.⁴
748 2280 799 2333 pro
825 2268 938 2328 Groecioe,
959 2266 1088 2335 probante
1110 2270 1216 2323 Grovio
1239 2286 1266 2324 et

196 2336 260 2391 Noli
273 2337 354 2407 igitur
365 2340 464 2393 reterre
476 2341 631 2411 pertimlsm
643 2358 708 2391 nunc
751 2338 874 2405 voratio,
887 2342 934 2411 qui
947 2342 976 2394 in
988 2354 1090 2396 textum
1104 2347 1212 2418 recepit.
1225 2350 1264 2403 Ut

197 2411 231 2466 ed
249 2424 351 2469 atatem
368 2418 509 2490 scriptoris.
531 2418 618 2491 Loqui
636 2418 707 2471 enim
749 2414 1061 2496 igituranteaimperium
1069 2424 1263 2479 Groecioremu·

196 2490 283 2544 solent
305 2492 421 2547 historici
448 2508 478 2549 nt
502 2508 606 2569 poetae,
634 2496 707 2569 quasi
747 2494 1178 2574 labanturillaecivitates,sicjam
1186 2524 1264 2559 temu-

195 2568 311 2623 tcrihant
325 2570 373 2625 iilo
389 2584 523 2646 tempore,
540 2576 616 2645 cujus
637 2587 707 2645 geste
747 2574 836 2627 lanuu·
846 2576 957 2645 gratiam
969 2575 1122 2649 imperantis
1133 2580 1262 2655 Philippi,

195 2662 310 2703 norant.
748 2670 829 2725 quem
846 2651 985 2707 dominum
1007 2674 1085 2711 suurn
1102 2676 1263 2729 agnoscunt,

230 2728 255 2780 8.
265 2728 334 2780 Orbis
342 2739 456 2782 terrai-rm
464 2730 581 2783 uindices.
591 2730 707 2797 Graecos,
748 2744 779 2784 ut
792 2732 820 2784 in
833 2732 913 2804 hujus
927 2732 1033 2786 sedibus
1047 2740 1176 2791 excubent
1192 2742 1216 2808 S.
1232 2760 1262 2811 7,

196 2804 241 2875 qui
256 2806 280 2874 5.
293 2826 323 2877 7,
337 2826 419 2877 region
428 2806 639 2879 prcdicabautur
648 2828 708 2879 gen·
748 2810 795 2882 qui
808 2829 887 2863 suum
900 2830 1028 2882 regnum,
1041 2814 1115 2869 velut
1129 2820 1263 2873 servitutis

196 2886 299 2957 fimoque
315 2889 429 2940 victores.
448 2918 482 2929 --
502 2888 629 2944 Sordidum
644 2908 707 2961 par·
745 2890 854 2961 jugum,
868 2890 1015 2943 cervicibus
1028 2892 1136 2948 Gracia
1149 2896 1263 2967 imponit

197 2970 249 3012 terr.
265 2962 351 3016 Modii
366 2966 444 3019 Mss.
460 2966 565 3017 sordr'tloe
577 2971 660 3038 parti,
676 2979 706 3021 ut
748 2966 805 3032 VI,
818 2986 885 3040 9,7.
896 2970 988 3022 Bootii
999 2971 1082 3042 igitur
1091 2974 1262 3048 Thessalique

195 3037 299 3093 videtur
317 3060 350 3094 ex
369 3044 545 3109 correctione,
563 3063 646 3115 quum
664 3064 705 3097 se·
747 3046 780 3098 ah
793 3046 842 3099 hac
855 3058 945 3119 parte,
958 3049 1025 3101 sicut
1039 3050 1072 3101 ab
1085 3052 1165 3105 elters
1179 3056 1261 3107 Luce-

194 3116 276 3171 riores
297 3132 324 3171 et
344 3120 505 3191 antiquiores
527 3122 706 3177 accusativum
746 3122 904 3190 damocles,
917 3127 1091 3181 Athenienses
1104 3143 1130 3183 et
1143 3132 1262 3186 Phocen-

194 3192 257 3247 huic
275 3198 358 3250 verbo
376 3195 521 3271 adjungere
538 3200 646 3254 soleant.
665 3202 705 3254 De
747 3206 966 3268 ses,amulantur
975 3207 1260 3280 muamimpemntis,
1297 3198 1300 3208 ¹

194 3290 223 3325 re
235 3274 305 3327 conf.
316 3274 375 3340 VI,
385 3295 416 3344 9,
427 3280 457 3342 6,
470 3277 515 3331 ubi
529 3276 666 3331 sordidum
680 3292 706 3332 et
747 3294 887 3348 certantes,
896 3284 948 3335 utri
959 3284 1062 3354 priores
1071 3286 1180 3354 gratim
1189 3286 1266 3359 apud

195 3352 337 3405 obscurum
355 3352 531 3407 Macedonum
548 3374 646 3409 nomen
664 3356 705 3409 di·
747 3359 901 3433 Philippum
914 3360 1058 3413 obtineant.

196 3428 246 3494 cit,
256 3444 286 3482 ut
297 3430 349 3485 hoc
360 3432 420 3485 loco
435 3450 482 3485 stro
497 3452 571 3487 more
584 3433 707 3487 Macedo·
785 3457 826 3492 ro.
834 3440 955 3509 Pisilq'rpus
962 3439 1128 3490 productione
1137 3453 1186 3493 etc.
1196 3442 1261 3495 Phi·

195 3524 241 3560 nas
254 3520 329 3562 notat
338 3510 459 3564 sordidos
474 3512 570 3581 (viles,
582 3514 706 3587 ignotos)
747 3516 837 3588 lippus
856 3516 994 3569 venditans
1013 3518 1157 3585 (cantv,
1175 3520 1207 3585 ⁵,
1226 3522 1259 3588 63

195 3584 348 3640 Gruterum
371 3590 496 3657 clientes,
517 3592 617 3665 quippe
639 3612 706 3664 quo·
749 3593 785 3660 V,
796 3596 826 3659 3,
838 3614 848 3646 r
858 3596 869 3662 )
880 3593 990 3664 gloriam
1002 3612 1076 3647 suam
1087 3596 1261 3667 (potentiam-

194 3682 255 3717 rmn
265 3684 313 3719 rex
321 3668 448 3741 Anyntas
459 3669 612 3742 Philippum
622 3668 708 3725 filiurn
749 3690 801 3743 que
813 3673 891 3725 rebus
904 3672 984 3742 gestis
995 3679 1111 3745 partam)
1118 3676 1198 3746 agitat
1208 3678 1260 3731 las·

195 3740 709 3803 'l'hebanisobsidemdarecoactusfuis·
748 3750 845 3803 tidinm
867 3762 997 3803 tantarum
1019 3751 1125 3805 nrhium
1146 3755 1259 3823 (cirita-

196 3832 242 3873 tet.
254 3821 319 3875 Vid.
333 3837 390 3878 not.
403 3824 438 3879 ad
449 3826 569 3892 V11,5‚
585 3846 608 3879 ι.
679 3866 686 3872 -
749 3834 838 3896 tum),
855 3829 873 3881 i.
888 3848 912 3881 c.
931 3828 1043 3882 adfectat
1063 3830 1195 3885 fastidium
1214 3851 1259 3887 ea-

229 3920 255 3970 9.
269 3906 373 3975 Imperii.
392 3902 475 3979 Cujus
488 3906 576 3959 umuli
586 3906 707 3959 Thebani
749 3926 825 3972 rom,
841 3927 874 3961 ex
890 3905 1019 3959 industria
1038 3926 1081 3962 ees
1100 3901 1215 3978 fastidit,
1233 3927 1260 3966 et

194 3991 221 4032 et
246 3980 439 4037 lacedemonii
465 3984 603 4050 dicuntur,
624 4005 706 4057 quum
748 3988 871 4053 estimat,
884 3986 940 4039 scil.
955 3987 1028 4056 quasi
1045 3986 1079 4041 ad
1096 3990 1189 4044 libram
1202 3993 1259 4045 exi·

196 4058 299 4111 nullum
323 4060 395 4114 aliud
421 4061 471 4128 sit,
491 4064 542 4117 nisi
567 4064 707 4135 imperium
750 4064 1264 4139 git,ut10sporiusdignetur,utrorum

197 4136 305 4193 Greeite
323 4140 413 4209 (conl.
433 4162 461 4199 r.
481 4160 503 4196 c.
523 4140 581 4211 VI,
602 4150 636 4209 4,
654 4147 706 4216 4);
747 4146 880 4219 potiorem
893 4156 987 4199 statuat
999 4144 1165 4218 dignitatem.
