2967 4684
382 370 762 440 rusroruiuuiu
785 370 946 442 Lmen
970 374 1071 444 xvr.
1184 400 1254 472 ²99

244 496 287 562 ΙΙ.
301 490 414 588 Igitur
426 492 649 579 Demetrius,
659 492 745 561 totis
759 490 982 565 Macedoniae
997 498 1100 595 regni
1115 497 1254 571 viribus
1268 528 1279 563 ι

195 606 412 691 instructus,
435 626 547 698 quum
570 601 687 675 Asiam
707 624 887 699 occupare
908 606 1105 695 statuisset,
1124 610 1254 680 iterato

195 713 422 800 PtolcmaeuS,
443 711 628 798 Seleucus,
648 727 684 784 ct
704 713 955 809 Lysimachus,
976 722 1113 817 experti
1134 722 1256 817 priore

197 824 412 911 certamine,
430 838 572 921 quantae
589 824 683 895 vires
702 839 823 896 essent
839 828 1060 918 concordiae,
1073 846 1176 929 pacta
1191 856 1258 903 so-

198 935 342 1022 cietate,
360 932 597 1031 adunatisque
610 934 842 1026 exercitibus,
855 937 991 1011 bellum
1004 941 1175 1015 adversus
1185 946 1256 1014 Dc·

196 1048 365 1116 metrium
381 1043 606 1117 transierunt
625 1046 664 1115 in
682 1050 874 1146 Europam.
893 1053 956 1121 llis
973 1052 1144 1123 comitem
1161 1077 1198 1125 se
1221 1068 1257 1124 et
1271 1088 1285 1122 ι

197 1153 282 1225 belli
296 1156 454 1245 socium,
464 1156 584 1253 jungit
596 1155 777 1253 Pyrrhus,
794 1184 858 1229 rex
877 1162 993 1258 Epiri,
1009 1186 1158 1261 sperans
1179 1190 1257 1235 non

199 1263 380 1338 difficilius
408 1268 638 1338 Demetrium¹
662 1269 825 1341 amittere
852 1270 1104 1342 Macedoniam
1132 1298 1258 1371 posse,

199 1402 306 1473 quam
320 1376 547 1475 adquisierat.
561 1380 637 1449 Nec
655 1403 736 1478 spes
753 1376 885 1452 frustra
899 1378 987 1452 fuit:
1004 1383 1138 1481 quippe
1157 1404 1287 1458 exer-3

199 1490 272 1559 citu
294 1489 370 1585 ejus
393 1503 585 1588 corrupto,
608 1490 760 1588 ipsoque
782 1492 820 1560 in
843 1489 962 1589 sugam
985 1508 1085 1573 acto,
1105 1518 1258 1591 regnum

198 1597 420 1671 Macedoniae
431 1604 630 1699 occupavit.
642 1604 738 1672 Dum
751 1602 830 1674 haec
841 1606 1290 1701 aguntur,Lysimachuss

198 1734 372 1808 generum
382 1734 487 1781 suum
498 1714 903 1812 Antipatrum,regnum
912 1713 1133 1787 Macedonia
1144 1716 1262 1787 adem·

197 1838 274 1893 tum
296 1821 364 1893 sibi
389 1821 505 1892 soceri
528 1818 655 1893 fraude
676 1840 907 1921 querentem,
922 1825 1116 1916 interficit,
1135 1825 1263 1898 filiam-

199 1958 269 2031 que
290 1957 391 2003 suam
413 1930 640 2029 Eurydicen,
659 1935 887 2031 querelarum
905 1940 1059 2025 sociam,
1079 1940 1119 2008 in
1142 1952 1263 2009 custo·

199 2044 293 2115 diam
324 2041 468 2115 tradit:
496 2058 604 2140 atque
632 2045 683 2114 ita
710 2046 881 2117 universa
911 2046 1103 2117 Cassandri
1133 2045 1291 2120 domuss

199 2154 403 2227 Alexandro
430 2158 582 2253 Magno,
603 2180 668 2226 seu
695 2157 797 2225 necis
822 2158 954 2254 ipsius,
975 2180 1038 2225 scu
1061 2157 1181 2253 stirpis
1203 2181 1263 2226 ex·

199 2268 338 2338 stinctae
352 2290 495 2366 poenas,
508 2266 638 2363 partim
655 2264 766 2353 caede,
780 2266 909 2365 partim
923 2264 1119 2362 supplicio,
1131 2266 1262 2363 partim

196 2378 390 2477 parricidio
418 2376 494 2449 luit.
519 2377 725 2449 Demetrius
751 2400 899 2474 quoque
923 2399 943 2445 a
969 2388 1026 2445 tot
1045 2374 1292 2448 exercitibuse

198 2490 482 2576 circumventus,
497 2510 608 2587 quum
628 2500 751 2586 posset
764 2486 919 2557 honeste
933 2487 1044 2569 mori,
1057 2485 1211 2582 turpiter
1224 2510 1263 2556 se
1325 2581 1330 2590 Ι

198 2600 328 2672 dedere
349 2600 496 2673 Seleuco
519 2597 654 2670 maluit.
677 2600 796 2670 Finito
817 2595 932 2684 bello,
948 2595 1161 2667 Ptolemaeus
1179 2620 1293 2681 cum7

196 2734 327 2807 magna
342 2734 466 2781 rerum
487 2724 666 2808 gestarum
689 2709 801 2807 gloria
817 2711 980 2778 moritur.
993 2714 1047 2795 Is,
1063 2721 1193 2778 eontra
1205 2708 1264 2803 jus

196 2821 374 2917 gentium,
386 2820 538 2890 minimo
554 2836 642 2892 natu
659 2844 703 2891 ex
718 2817 801 2890 filiis
817 2833 902 2889 ante
919 2815 1165 2889 infirmitatem
1183 2844 1264 2917 reg·

199 2955 288 3001 num
311 2928 525 3019 tradiderat,
544 2932 694 3029 ejusque
715 2932 767 3001 rei
792 2927 929 3027 populo
947 2928 1126 2999 rationem
1144 2927 1264 2999 reddi-

200 3038 327 3111 derat:
348 3042 450 3138 cujus
474 3064 551 3113 uon
576 3044 699 3112 minor
720 3039 823 3111 lavor
842 3042 881 3111 in
904 3038 1119 3137 accipiendo
1129 3050 1144 3127 ,'
1155 3062 1293 3137 quamc

200 3155 309 3249 patris
330 3154 369 3223 in
393 3150 572 3224 tradendo
592 3176 707 3249 regno
730 3149 858 3223 fuerat.
882 3156 984 3222 Inter
1005 3165 1131 3221 caetera
1153 3153 1293 3249 patris9

234 3374 274 3426 11.
286 3393 310 3427 1.
320 3377 403 3426 Priore
411 3378 545 3427 ommino.
558 3374 621 3439 XV,
634 3382 658 3439 4,
669 3392 711 3427 su.
754 3374 869 3427 occisum
879 3372 968 3426 refert.
982 3402 1016 3412 -
1027 3371 1153 3423 Ademtum
1164 3371 1219 3421 sibi.
1231 3372 1266 3423 Et

238 3470 263 3504 a.
282 3453 396 3525 Pyrodes.
418 3455 459 3506 De
481 3472 535 3527 quo
559 3452 628 3505 inira
652 3450 713 3507 vide
754 3451 890 3504 Demetrio
903 3448 1030 3502 traditum
1043 3468 1101 3520 cup.
1117 3465 1145 3512 r,
1159 3465 1200 3516 ¹9·

201 3526 301 3595 xvlt,
315 3530 373 3583 2-3.
789 3531 814 3583 5.
831 3532 904 3581 Nect'r
918 3532 999 3601 priua
1012 3527 1122 3599 Respice
1135 3525 1208 3592 xn,
1223 3534 1266 3591 14.

235 3607 260 3660 3.
285 3612 421 3678 Regnum...
444 3610 573 3680 occuparit.
595 3608 713 3681 Pyrrhus
753 3602 1176 3681 -Ser'rpr'reaestinctoe.Not.ado.
1189 3606 1265 3671 r,15.

200 3682 384 3739 Macedoniam
404 3700 529 3759 occupat,
543 3686 634 3759 fugato
656 3704 712 3739 nou
789 3690 815 3741 6.
829 3688 907 3739 Anno
919 3684 1000 3737 Urbis
1014 3685 1074 3749 468.

200 3762 351 3831 Demetrio,
362 3765 407 3833 sqd
420 3766 593 3839 Lysimacho,
602 3765 649 3837 qui
661 3766 713 3817 De·
787 3786 814 3836 7.
831 3766 932 3818 Hierimo
941 3774 1002 3817 natu
1011 3760 1117 3831 essalu's.
1126 3761 1265 3819 Ptolemno

200 3844 322 3895 mettium
335 3864 420 3916 regno
432 3846 577 3918 pepulerat.
592 3876 626 3885 -
639 3850 712 3897 Γνω-
753 3841 936 3915 Philadelpho.
949 3839 1027 3894 Conl.
1041 3838 1183 3908 xvl1,2,
1196 3850 1221 3908 4,
1231 3873 1266 3883 -

200 3930 246 3973 tra.
260 3923 338 3977 MSS.
353 3926 438 3995 Bong.
447 3924 580 3991 frustrata,
596 3922 710 3975 latinius.
754 3924 834 3975 Anno
846 3922 926 3975 Urbis
938 3928 998 3993 470.

234 4005 259 4063 4.
274 4003 427 4075 Lysimachus
436 4020 550 4072 generum
561 4020 629 4052 suum
641 4002 709 4072 (cup.
786 4003 812 4054 8.
832 4004 905 4071 Cujus
921 4019 972 4053 non
990 3998 1149 4066 mnorfamr
1160 4001 1186 4051 in
1202 4003 1265 4051 acci·

201 4092 226 4141 1,
235 4082 291 4149 7)...
302 4080 421 4151 interficit.
431 4082 529 4135 Contra
537 4078 616 4133 Diod.
625 4078 710 4145 xxi,
745 4079 851 4151 piondo,
861 4098 961 4153 quam...
972 4077 1145 4151 reguofumt.
1158 4079 1208 4133 Cui
1216 4096 1266 4151 po-

199 4153 292 4225 sragm.
309 4176 353 4226 ro,
364 4160 437 4213 hunc
448 4178 462 4211 a
474 4159 609 4213 Demetrio
619 4157 711 4211 dolose
752 4158 833 4229 pulos
844 4158 951 4213 laverat.
1023 4228 1027 4234 ῃ
