2967 4684
256 359 300 425 60
492 352 706 420 Peotoel
728 349 1073 421 ttlsronlllttttt

542 523 791 582 enonocus
811 522 943 579 meru
963 524 1021 581 xt

229 706 241 742 r
298 678 675 745 Undecimo.rolumine
701 680 914 743 continentur
939 700 990 743 res
1014 692 1109 767 gestae
1135 676 1312 741 Alexandri
1335 656 1348 681 ⁰

254 779 382 867 Magni,
395 799 500 865 usque
513 776 556 842 ed
571 778 739 841 interitum
753 778 837 865 regis
848 777 1018 842 Persarum
1032 775 1130 841 Darii.
1142 774 1312 863 Dictaque

255 880 290 943 in
306 900 438 944 excessu
452 878 594 967 origines
608 895 642 944 et
656 900 750 968 reges
762 879 876 945 Cariae.

532 1048 783 1106 PROLOGUS
803 1045 933 1141 LIBlll
952 1046 1036 1103 Xll.

230 1227 241 1260 ι
301 1192 504 1259 Duodecimn
514 1194 682 1257 volumine
692 1192 905 1256 continentur
916 1186 1092 1255 Alexandri
1105 1186 1216 1276 Magni
1228 1186 1315 1253 bella

255 1294 420 1360 Bactriana
436 1312 469 1361 et
486 1294 601 1360 Indica
617 1293 778 1384 usquead
797 1294 969 1359 interitum
990 1292 1068 1373 ejus.
1091 1292 1261 1379 llicwque
1281 1292 1315 1355 in

255 1417 385 1461 excessu
402 1420 452 1461 res
467 1421 486 1461 a
504 1398 659 1487 praelectn
681 1399 750 1479 ejus
770 1398 943 1485 Antipatro
960 1396 994 1459 in
1011 1394 1135 1459 Gerenia
1151 1408 1266 1483 gestae,
1283 1410 1317 1459 et

253 1498 295 1561 ab
303 1490 517 1581 Archidamo,
526 1522 603 1588 rege
615 1498 951 1580 Lacedaemoniorum,
962 1498 1172 1585 Molossoque
1183 1497 1317 1561 Alexan·

253 1599 314 1664 dro
327 1602 359 1663 in
374 1602 483 1682 ltalia,
495 1624 638 1687 quorum
650 1602 698 1665 ibi
708 1616 759 1665 est
770 1618 908 1688 uterque
921 1624 998 1667 cum
1014 1600 1161 1665 exercitu
1177 1598 1314 1675 deletus,

227 1742 242 1775 s
255 1701 380 1768 Additae
393 1705 445 1767 his
457 1704 600 1791 origines
612 1704 732 1769 ltalicae
750 1704 951 1793 Apulorum,
964 1703 1166 1782 Samnitum,
1177 1700 1315 1766 Sabino·

255 1826 350 1887 rum;
365 1820 399 1869 et
412 1820 452 1869 ut
465 1806 631 1893 Zopyrion
649 1806 684 1868 in
699 1806 806 1871 Ponto
822 1829 899 1871 eum
915 1806 1062 1871 exercitu
1077 1804 1190 1893 periit.

526 1983 779 2042 PROLOGUS
801 1983 930 2041 LIBRI
951 1983 1049 2039 XIII.

228 2183 240 2217 r
302 2142 415 2206 Tertio
437 2140 567 2208 decimo
587 2143 755 2207 volumine
777 2144 989 2207 continentur
1007 2141 1101 2203 haee:
1120 2139 1164 2201 Ut
1184 2152 1317 2205 mortuo

252 2243 439 2314 Alexandro
453 2246 625 2333 optimates
639 2261 821 2309 castrorum
835 2246 904 2325 ejus
920 2242 1164 2335 provinciarum
1181 2241 1318 2330 imperia

252 2349 318 2413 sint
332 2350 442 2438 partiti
457 2371 466 2410 ε
481 2363 519 2412 ut
533 2349 695 2430 veterani,
713 2348 770 2435 qui
787 2348 829 2411 ab
845 2346 963 2411 eodem
978 2346 1055 2410 lecti
1070 2358 1163 2409 erant
1178 2343 1212 2407 in
1226 2343 1317 2407 colo-

253 2452 340 2531 niae,
361 2452 484 2532 moliti,
504 2451 627 2515 relictis
646 2451 730 2532 illis,
751 2452 787 2515 in
807 2450 965 2515 Graeciam
985 2447 1110 2529 redire,
1130 2470 1149 2510 a
1168 2446 1318 2534 Pythone

227 2553 319 2627 ²sint
336 2550 446 2616 deleti,
466 2552 594 2616 Bellum
616 2554 822 2631 Lamiacum,
840 2550 929 2638 quod
951 2550 1122 2640 Antipater
1140 2550 1174 2613 in
1193 2549 1318 2613 Grtecia

227 2654 361 2742 agessit.
380 2654 521 2730 Bellum,
543 2674 610 2738 quo
629 2651 803 2716 Perdiccas
823 2675 933 2741 regem
956 2654 1156 2717 Ariarathem
1178 2650 1335 2732 occidit,

257 2772 290 2820 et
304 2756 429 2818 occisus
443 2769 501 2819 est.
513 2754 653 2834 Bellum,
667 2775 733 2839 quo
747 2756 910 2819 Eumenes
923 2754 1178 2844 Neoptolemum
1192 2768 1226 2818 et
1239 2755 1317 2815 Cra·

257 2872 366 2921 terum
381 2856 513 2921 occidit.
528 2853 654 2921 Additae
669 2856 706 2919 in
724 2878 858 2923 excessu
878 2857 1018 2946 origines
1038 2878 1194 2947 regesque
1217 2856 1317 2943 Cyre·

258 2980 386 3022 narum.

181 3168 188 3179 .
257 3134 285 3175 et
300 3123 414 3177 correxit
429 3124 604 3194 Bongarsins,
625 3143 705 3198 quem
723 3144 765 3179 se·
843 3128 1017 3201 a.Apulnrrns.
1030 3124 1204 3181 Codicestres
1216 3123 1321 3181 addunt

256 3214 355 3273 quntus
373 3215 413 3254 est
431 3202 563 3255 Medius:
580 3204 653 3276 vulg.
670 3205 765 3257 Deinde
805 3212 969 3259 limenorum:
981 3204 1054 3278 quod
1066 3222 1154 3276 recep.
1166 3204 1290 3259 Gronov.

255 3299 318 3333 rens.
331 3281 390 3333 Arsi
399 3280 764 3352 enim,quiperannos414·
840 3284 923 3336 XIII.
938 3305 962 3337 s.
979 3287 1123 3336 mucuns.
1143 3284 1201 3335 IIoe
1219 3298 1320 3335 nomen

256 3362 307 3423 418
326 3370 468 3429 regnarat,
484 3360 622 3413 interfecto
641 3362 765 3415 successit
806 3375 954 3416 correctum
973 3380 988 3415 e
1006 3364 1091 3434 Bong.
1110 3376 1136 3417 et
1154 3364 1319 3433 longarum

255 3438 351 3491 Darius
361 3434 582 3491 Codomsnnns.'
806 3442 894 3511 recepi
908 3460 968 3493 curn
981 3440 1076 3493 Medio
1088 3454 1116 3494 et
1132 3441 1253 3495 Gronov.
1267 3456 1321 3509 pro

290 3516 356 3567 ΧΠ.
367 3534 390 3569 ι.
400 3518 518 3569 notasse.
530 3517 582 3569 Pro
594 3518 701 3571 Molossa
713 3518 767 3570 hoe
807 3531 933 3591 corrupto
947 3524 1095 3571 lamnam.
1110 3519 1218 3572 Dictum
1232 3528 1322 3569 autem

255 3614 352 3650 nomeu
374 3595 449 3667 quod
472 3614 527 3668 qno
548 3596 689 3661 releratnr,
711 3614 767 3649 non
807 3596 906 3650 bellum
923 3594 990 3649 illud
1007 3598 1157 3649 Lamiacum
1176 3615 1191 3648 a
1210 3594 1321 3657 Lernia,

173 3680 176 3685 '
255 3674 347 3736 hahet,
360 3676 449 3746 recepi
461 3693 524 3727 cum
537 3674 632 3728 Medio
648 3675 765 3747 aliisque.
807 3675 947 3729 Thessalia
958 3674 1037 3738 urbe,
1048 3675 1076 3727 in
1087 3693 1168 3746 quam
1178 3673 1322 3748 Antipater

257 3752 366 3805 Molossi
386 3767 473 3806 antem
495 3772 560 3824 gens
582 3754 674 3825 Epiri,
692 3756 768 3825 enjus
808 3753 841 3805 ab
849 3752 1052 3827 Atheniensibus
1060 3771 1140 3805 cresus
1149 3750 1321 3821 confugeret,

257 3849 305 3882 rex
325 3831 375 3884 luit
390 3831 548 3884 Alexander.
564 3832 766 3883 -Arelu'damn
807 3832 937 3884 referente
957 3829 1272 3894 Diodor.,xv1nm,
1294 3840 1324 3879 et

259 3910 300 3961 De
330 3908 508 3974 Archidamo,
537 3928 589 3982 pro
618 3910 769 3964 Tarentinis
808 3908 927 3973 XVIII,
942 3926 1015 3977 9·ta.

258 4000 350 4042 eontra
367 3988 486 4041 Lucanos
506 4002 660 4061 pugnante,
686 3990 768 4043 inter·
845 3988 1010 4041 esrom
1020 4000 1061 4039 est.
1073 3986 1166 4041 latine
1175 3982 1322 4039 dicendum

257 4066 343 4130 fecto,
358 4066 448 4120 confer
461 4066 611 4121 Diodorum
623 4067 708 4134 XVI,
718 4073 769 4136 64,
810 4078 882 4119 ernt:
897 4077 922 4117 et
936 4079 964 4118 nt
978 4070 1041 4138 ξω,-
1054 4063 1130 4119 dedit
1146 4063 1302 4119 Gronovius
1315 4082 1323 4116 ε

259 4157 286 4198 et
298 4145 408 4200 Gemist.
420 4146 460 4198 II.
475 4164 522 4200 en.
809 4157 834 4195 st
845 4157 872 4197 nt
883 4148 974 4197 occisus
987 4156 1031 4197 est.
1046 4145 1085 4197 De
1096 4161 1162 4199 nece
1174 4140 1324 4208 Perdiccae,
