2967 4684
220 310 291 397 364
645 317 664 382 J
673 315 857 385 UsTlNI

191 434 287 518 7Sed
306 431 751 534 parvulum,etl1umanae
771 438 852 535 opis
870 450 1056 534 egentem,
1074 459 1178 535 apes,
1195 459 1284 510 con-

190 561 319 644 ugesto
341 549 437 620 circa
454 547 636 642 jacentem
654 545 780 636 melle,
797 546 919 620 multis
936 545 1064 620 diebus
1081 547 1209 620 aluere.
1225 546 1284 620 Ob

220 682 329 756 quam
343 683 421 730 rem
433 682 611 756 responso
624 658 858 758 haruspicum
874 658 1080 732 admonitus
1094 675 1208 757 pater,
1221 661 1285 757 qui

218 792 372 866 regnum
388 765 519 840 infanti
541 768 712 868 portendi
736 770 938 853 canebant,
959 771 1149 869 parvulum
1169 769 1285 844 recol·

218 877 322 976 legit,
341 881 516 979 omnique
534 879 655 952 studio
674 880 720 954 ad
738 906 840 980 spem
862 883 1073 979 majestatis,
1095 905 1174 978 quae
1199 905 1284 979 pro·

191 989 448 1082 mittebatur,
467 991 633 1062 instituit.
655 991 781 1063 Eidem
804 994 842 1065 in
861 992 949 1065 ludo
966 994 1063 1066 inter
1086 990 1286 1089 coaequales

220 1098 374 1172 discenti
396 1100 504 1201 lupus
529 1100 689 1174 tabulam
714 1103 753 1173 in
778 1102 885 1175 turba
910 1127 1108 1201 puerorum
1134 1117 1286 1202 repente

68 1233 72 1236 ·
176 1239 209 1274 ιο
221 1228 459 1310 conspectus,
476 1213 617 1312 eripuit
633 1213 864 1285 Adolescenti
878 1237 1044 1311 quoque,
1059 1213 1176 1310 prima
1191 1211 1286 1284 bella

220 1321 383 1410 ineunti,
401 1322 525 1419 aquila'
546 1323 585 1392 in
606 1323 755 1420 clypeo,
773 1338 908 1394 noctua
929 1325 968 1392 in
988 1321 1091 1394 hasta
1109 1323 1285 1394 consedit.

176 1456 205 1492 11
219 1432 326 1521 Quod
344 1448 549 1521 ostentum,
566 1446 604 1504 et
621 1431 774 1504 consilio
791 1449 957 1522 cautum,
975 1448 1012 1505 et
1028 1456 1140 1504 manu
1158 1457 1287 1531 prom-

129 1541 135 1554 '
175 1572 207 1608 12
221 1558 317 1634 tum,
334 1569 532 1644 regemque
546 1540 712 1614 futurum
728 1542 963 1642 significabat.
978 1546 1145 1642 Denique
1161 1543 1287 1619 adver·

220 1680 281 1726 sus
295 1670 552 1754 provocatores
564 1679 658 1753 saepe
672 1657 862 1754 pugnavit,
874 1680 1089 1755 semperque
1099 1655 1288 1728 victoriam

176 1767 426 1863 13reportavit.
454 1763 650 1860 A.Pyrrho
676 1791 761 1863 rege
789 1765 912 1838 multis
941 1765 1156 1838 militaribus
1179 1763 1287 1836 donis

176 1875 378 1952 mdonatus
403 1892 466 1949 est
489 1875 727 1949 Pulchritudo
754 1879 786 1948 ei
815 1879 979 1975 corporis
1003 1877 1175 1972 insignis,
1193 1879 1287 1948 vires

177 2001 208 2054 15
221 2011 370 2085 quoque
396 1988 436 2059 in
468 1986 619 2058 homine
645 1986 875 2060 admirabiles
906 1985 1016 2058 luere·
1047 1991 1091 2054 ln
1116 1985 1287 2084 adloquio

220 2095 395 2182 blandus,
416 2098 455 2165 in
482 2099 631 2190 negotio
652 2099 790 2190 justus,
812 2095 853 2164 in
880 2093 1032 2195 imperio
1054 2095 1285 2169 moderatus:

219 2229 369 2305 prorsus
390 2217 432 2274 nt
455 2201 549 2273 nihil
572 2205 605 2275 ei
625 2204 767 2302 regium
792 2203 936 2296 deesse,
958 2219 1089 2304 praeter
1112 2231 1286 2306 regnum,

220 2314 413 2388 videretur.

255 2511 298 2546 ιο.
309 2495 414 2543 Noctua.
424 2489 502 2542 Conl.
512 2485 593 2541 Diod.
603 2487 672 2553 XX,
683 2506 734 2556 n,
774 2486 1023 2562 prudentissimum,
1033 2499 1064 2543 ut
1080 2491 1128 2544 mh
1141 2493 1221 2546 tutele
1238 2495 1286 2548 Jo-

217 2571 264 2625 ubi
276 2570 340 2624 felix
354 2569 407 2621 hoc
425 2567 565 2638 tugurium
576 2585 634 2620 eme
647 2565 732 2634 dicit,
775 2569 830 2634 vic,
843 2568 892 2620 Dei
903 2567 1090 2640 potentissimi,
1104 2571 1146 2624 cui
1158 2573 1242 2644 equile
1251 2574 1286 2628 sit

216 2661 356 2723 propter-en
375 2643 449 2718 quod
475 2663 578 2698 merum
597 2641 650 2698 hoc
676 2645 729 2698 Mi·
776 2663 861 2712 netu,
874 2646 1093 2718 potentissimum.

217 2727 306 2782 nervo
332 2724 428 2777 animal
446 2723 588 2788 habentur,
613 2722 730 2794 indeque
808 2729 894 2787 140112
911 2725 1012 2776 lomim.
1031 2725 1116 2779 Faber
1131 2725 1196 2798 legit
1212 2739 1241 2780 ue
1257 2731 1284 2781 iu

217 2804 359 2877 rignillcet,
381 2802 454 2853 hunc
471 2801 559 2855 virum
579 2801 628 2853 cub
649 2801 730 2853 tutele
771 2801 882 2863 lomim
900 2819 950 2857 noc
967 2803 1050 2870 mele,
1067 2817 1098 2858 ut
1114 2805 1190 2860 nobit
1207 2803 1283 2863 vide·

219 2886 283 2938 Dea
301 2878 579 2957 prudentissimum
599 2892 627 2936 et
642 2879 731 2952 ipsum
772 2892 824 2935 tur.
837 2899 884 2935 sn.
