2967 4684
261 373 331 460 514
370 367 372 372 ·
682 370 895 439 Jusrrnr

215 533 247 568 ιο
260 511 481 598 procreatur.
506 495 590 584 Quo
620 505 770 564 tenente
803 514 982 587 regnum,
1008 492 1136 562 AEness
1161 489 1208 562 ab
1232 490 1324 580 llio,

258 612 364 707 Troja
377 635 397 680 a
411 609 545 680 Graecis
559 617 780 702 expugnata,
791 604 831 670 in
843 600 982 671 Italiam
994 603 1095 672 venit
1106 627 1115 671 ε
1128 604 1322 699 statimque

258 719 355 790 bello
374 731 564 814 exceptus,
583 737 696 812 quum
714 713 754 780 in
774 713 886 780 aciem
908 713 1107 781 exercitum
1123 712 1322 803 eduxisset,

258 830 304 900 ad
319 830 540 926 colloquium
553 837 721 910 vocatus,
734 836 871 893 tantam
887 820 1164 893 admirationem
1181 825 1237 896 sui
1253 831 1322 897 La·

257 942 338 1011 tino
359 937 529 1036 prebuit,
547 950 588 1008 ut
607 950 643 1004 et
666 935 704 1003 in
728 933 935 1004 societatem
953 934 1058 1029 regni
1079 936 1322 1032 reciperemr,

258 1065 312 1138 et,
326 1050 473 1120 Lavinia
493 1051 532 1117 in
553 1043 823 1118 matrimonium
844 1044 877 1112 ei
898 1041 996 1129 data,
1013 1067 1125 1138 gener
1143 1043 1321 1117 adscisoe·

214 1173 366 1230 uretur.
390 1164 475 1229 Post
499 1157 576 1227 haec
601 1177 797 1226 commune
819 1154 964 1250 utrique
990 1153 1126 1224 bellum
1151 1153 1321 1231 adversus

257 1273 433 1356 Turnum,
445 1267 663 1339 Rutulorum
673 1281 806 1361 regem,
816 1279 965 1362 propter
973 1263 1154 1338 fraudatas
1163 1270 1321 1340 Laviniae

257 1385 405 1478 nuptias
422 1378 508 1452 luit:
521 1381 560 1448 in
575 1401 648 1475 quo
662 1391 698 1447 et
711 1380 855 1446 Turnus
868 1390 905 1445 et
924 1377 1072 1446 latinns
1089 1377 1319 1472 interierunt.

213 1523 243 1558 ιι
257 1495 371 1588 Igitur
387 1515 500 1588 quum
516 1493 642 1558 AEneas
654 1487 735 1582 jure
750 1488 908 1556 victorin
924 1501 1081 1583 utroque
1095 1487 1234 1585 populo
1251 1514 1320 1586 po-

256 1604 401 1688 tiretur,
417 1600 546 1672 urbem
566 1623 609 1669 ex
630 1598 779 1668 nomine
795 1600 919 1669 uxoris
935 1599 1123 1700 lavinium
1143 1599 1319 1672 condidit.

212 1713 243 1765 ¹3
257 1711 394 1782 Bellum
414 1709 546 1780 deinde
565 1705 735 1778 adversus
755 1709 991 1790 Mezentium,
1009 1733 1130 1806 regem
1149 1715 1320 1782 Enusco·

255 1845 355 1906 rum,
372 1821 498 1916 gessit;
518 1821 557 1888 in
579 1842 653 1914 quo
675 1841 788 1915 quum
812 1820 888 1916 ipse
914 1820 1118 1910 occidisset,
1137 1824 1177 1892 in
1197 1821 1319 1894 locum

255 1931 332 2025 ejus
354 1933 528 2002 Ascanius
550 1927 646 1999 lilius
670 1931 843 2002 successit
862 1958 870 2000 :
889 1929 973 2027 qni,
995 1931 1146 2003 lavinio
1171 1931 1319 2020 relicto,

255 2047 418 2138 Longam
437 2041 565 2112 Albam
587 2039 769 2131 condidit,
788 2065 868 2139 quae
889 2045 1061 2113 trecentis
1081 2044 1189 2114 annis
1210 2057 1322 2141 caput

255 2154 359 2249 regni
377 2150 455 2222 fuit.

227 2296 241 2331 1
303 2268 346 2334 lt.
365 2267 449 2335 Post
462 2262 596 2333 multos
610 2263 743 2335 deinde
758 2261 861 2334 urhis
876 2262 985 2359 liujus
996 2287 1098 2359 reges
1111 2261 1158 2334 ad
1172 2279 1320 2360 postre-

227 2403 242 2436 ι
255 2393 355 2445 mum
369 2373 590 2442 Numitoret
603 2369 765 2442 Amulius
777 2395 894 2466 regno
906 2372 1011 2467 potiti
1023 2385 1120 2441 sum.
1130 2370 1201 2442 Sed
1212 2376 1321 2442 Amu-

254 2479 341 2567 lius,
359 2503 473 2578 quum
501 2496 603 2552 aetate
630 2485 789 2578 priorem
814 2483 1040 2551 Numitorem
1064 2483 1319 2582 oppressisset,

253 2589 363 2661 filiam
377 2593 453 2688 ejus
467 2591 605 2664 Rheam
619 2591 657 2662 in
676 2606 888 2689 perpetuam
903 2591 1160 2687 virginitatem,
1172 2617 1220 2661 ne
1238 2594 1320 2690 quis

253 2701 386 2774 vindex
398 2702 501 2799 regni
520 2727 626 2774 sexus
639 2703 751 2774 virilis
764 2728 808 2773 ex
821 2717 928 2799 gente
941 2705 1141 2774 Numitoris
1152 2704 1320 2792 ornetur,

255 2810 444 2898 demersit,
459 2810 579 2884 addita
596 2812 736 2906 injuriae
751 2815 869 2911 specie
885 2811 1054 2900 honoris,
1067 2828 1109 2883 ut
1126 2839 1203 2884 non
1222 2813 1320 2884 dam-

225 2937 358 3009 3nata,
377 2922 440 2992 sed
465 2921 632 2992 sacerdos
652 2921 766 2994 electa
787 2923 980 2995 videretur.
1003 2926 1116 3022 Igitur
1138 2925 1257 2996 clausa
1278 2927 1318 2996 in

252 3031 336 3106 luco
349 3033 457 3102 Marti
467 3031 687 3118 sacro,duos
699 3035 1038 3132 pueros,incertum
1052 3049 1199 3132 stupro,
1212 3061 1259 3106 an
1273 3060 1319 3105 ex

290 3231 331 3266 ro.
345 3217 443 3264 AEneas.
456 3213 496 3264 De
510 3213 593 3266 AEnea
610 3213 653 3266 adi
672 3227 768 3285 praeter
806 3217 867 3271 loeo
876 3218 1076 3290 supralaudato.
1087 3219 1128 3271 De
1137 3220 1321 3290 ecteris‚qnn

252 3293 309 3348 loca
322 3289 413 3345 inind.
425 3291 483 3343 Liv.
497 3292 526 3358 l,
540 3305 604 3358 1,et
616 3292 692 3366 Virg.
704 3297 766 3347 AEn.
806 3295 835 3348 h.
851 3297 870 3348 l.
885 3299 982 3350 Noster
995 3309 1098 3362 narrat,
1112 3297 1155 3349 adi
1169 3297 1226 3350 Liv.
1240 3296 1270 3363 Ι,
1285 3299 1318 3362 53

290 3371 331 3423 13.
343 3371 429 3422 Albam
440 3370 556 3437 condidit.
567 3373 617 3426 An.
627 3373 703 3440 regui
716 3373 764 3437 30,
806 3375 867 3428 coll.
882 3392 939 3447 esp.
955 3376 986 3440 3,
998 3393 1046 3438 103
1057 3393 1115 3447 oap.
1126 3381 1152 3438 4.

253 3463 284 3504 nt
297 3449 376 3502 tradit
393 3450 451 3502 Liv,
466 3446 495 3515 l,
510 3451 539 3514 3,
553 3457 576 3512 4.
594 3479 628 3490 -
649 3455 767 3502 Trecentis
843 3473 867 3505 a.
879 3459 967 3505 AEtate.
982 3457 1091 3505 Vioetme
1101 3453 1156 3506 dno
1167 3453 1245 3506 codd.
1255 3471 1320 3525 pm·

253 3533 331 3582 mnis.
355 3529 473 3581 Numero
493 3527 626 3595 rotundo,
644 3542 674 3582 nt
694 3529 766 3602 apud
805 3529 884 3583 hante
898 3532 1050 3585 Gronsvo.
1063 3532 1318 3583 -Addiee..tm·

253 3606 351 3678 Virgil.
364 3605 469 3660 AEneid.
485 3607 513 3670 1,
525 3625 592 3660 vers.
606 3627 672 3677 aya:
805 3614 847 3661 ris.
857 3612 905 3663 Cui
916 3609 1024 3681 quidem
1033 3611 1134 3683 injun'oe
1146 3609 1249 3663 addidit
1260 3629 1320 3682 sps·

253 3697 452 3752 lliejsurtertentnm
460 3697 700 3748 totosregnabituranuos.
806 3690 874 3740 clem
897 3689 1014 3743 honori!-
1032 3690 1087 3754 Qui
1110 3707 1217 3754 semus,
1236 3706 1317 3760 quem

254 3769 345 3832 Quum
363 3767 441 3821 varie
457 3769 590 3820 variorum
609 3769 766 3838 scriptorum
807 3767 988 3820 Groevinsnon
998 3767 1220 3838 adseqnntusest,
1233 3785 1317 3838 qunnr

254 3845 289 3898 de
301 3845 353 3897 hoc
369 3847 496 3918 temporis
509 3845 592 3917 spatio
606 3847 657 3897 sint
665 3857 767 3898 senten-
806 3847 900 3915 planus
912 3846 958 3909 sit,
967 3862 1023 3899 nnn
1035 3859 1086 3910 est,
1094 3864 1142 3898 cur
1152 3862 1212 3909 eum
1221 3843 1317 3897 mdem

93 3925 107 3946 ⁹
226 3945 230 3953 ·
254 3925 306 3988 tin,
314 3941 378 3994 quss
384 3924 504 3977 recensui
511 3927 535 3974 in
542 3928 611 3976 mein.
622 3928 711 3976 Histoi.
721 3931 767 3976 Ta·
806 3923 843 3975 ls.
854 3923 944 3977 Vossii
952 3928 1129 3997 conjecturam
1139 3919 1317 3995 eritpleetaris:

255 4001 347 4065 hellen,
358 4021 419 4074 pag.
432 4021 490 4072 ²²7·
805 4005 895 4072 injuria
903 4005 944 4071 (ut
952 4003 1074 4074 injuriam
1083 4000 1191 4067 adderet
1200 4002 1248 4053 sub
1257 4019 1320 4071 spe·

289 4079 767 4150 ll.1meros...regeeQuosablsea-
806 4082 847 4134 cie
856 4082 985 4149 lionoris).
999 4082 1142 4152 virginum
1153 4090 1241 4133 autem
1250 4080 1320 4132 Ves-

252 4159 298 4212 nio
307 4157 370 4211 inde
378 4157 412 4210 ad
421 4159 555 4210 Amulium
564 4175 648 4230 usque
656 4160 766 4213 exhibui
805 4160 897 4212 talium
908 4178 966 4212 non
976 4159 1091 4231 tugen
1103 4158 1263 4212 erathonor.
