2967 4684
236 356 308 431 336
570 448 573 457 .
634 363 864 435 ousrrul

203 510 220 555 ,ι
284 486 323 553 V.
338 484 450 581 Igitur
465 484 660 581 Dionysius
678 500 871 581 tyrannus,
886 507 995 584 quem
1012 504 1120 581 supra
1137 506 1159 551 a
1174 476 1291 552 Sicilia

235 596 431 665 exercitum
461 596 500 668 in
526 594 663 677 Italiam
690 597 890 693 trajecisse,
918 594 1128 690 bellumque
1156 596 1290 662 Graecis

234 703 420 794 intulisse,
439 708 733 795 memoravimus,
753 708 964 808 expugnatis
991 706 1139 792 Locris,
1163 708 1290 777 Croto·

235 814 399 905 nienses,
419 816 478 887 vix
499 820 593 889 vires
615 814 726 914 longo
750 820 825 889 otio
853 841 897 889 ex
923 818 1054 916 prioris
1081 814 1166 887 belli
1191 813 1292 886 clade

206 955 221 989 2
235 941 476 1015 resumentes,
490 926 714 1025 adgreditur:
729 931 792 1025 qui
807 926 937 1000 lortius
952 952 1037 998 cum
1050 926 1175 1025 paucis
1187 940 1291 997 tanto

234 1036 406 1107 exercitui
423 1038 516 1134 ejus,
535 1062 643 1135 qrram
663 1054 770 1111 antea
786 1064 870 1111 cum
889 1054 944 1110 tot
960 1036 1118 1109 millibus
1133 1040 1291 1108 locren-

206 1160 222 1213 3
235 1147 326 1215 sium
344 1149 532 1245 paucitati,
544 1153 765 1223 restiterunt.
777 1154 934 1221 Tantum
947 1150 1087 1220 virtutis
1100 1161 1292 1247 paupertas

234 1256 402 1331 adversus
411 1261 615 1333 insolentes
628 1262 770 1333 divitias
783 1260 909 1351 habet,
922 1276 1096 1357 tantoque
1111 1260 1295 1357 insperata

205 1364 417 1448 ⁴sinterdum
437 1386 576 1468 sperata
594 1373 747 1444 victoria
763 1374 895 1445 certior
911 1387 974 1443 est.
990 1371 1060 1443 Sed
1076 1370 1293 1466 Dionysium

233 1493 417 1572 gerentem
428 1480 563 1552 bellum
574 1481 677 1579 legati
690 1482 891 1573 Gallorum,
902 1483 965 1580 qui
976 1496 1060 1553 ante
1071 1504 1213 1552 menses
1223 1485 1292 1553 Ro

233 1612 329 1659 mam
345 1591 603 1679 incenderant,
621 1595 829 1663 societatem
845 1593 1110 1689 amicitiamque
1130 1603 1294 1687 petentes

205 1696 394 1770 sedeunt:
417 1704 608 1773 «Gentem
634 1726 735 1772 suam
761 1704 857 1772 inter
885 1700 1009 1772 hostes
1036 1701 1113 1795 ejus
1139 1700 1293 1796 positam

155 1800 157 1809 ’
233 1830 327 1897 esse,
344 1833 550 1907 magnoque
569 1811 650 1881 usui
668 1813 701 1881 ei
720 1809 881 1881 firturam
896 1810 953 1881 vel
973 1813 1012 1881 in
1032 1812 1107 1881 acie
1126 1807 1293 1897 bellanti,

232 1916 289 1985 vel
302 1915 347 1988 de
359 1932 462 2015 tergo
475 1921 626 1991 intentis
638 1923 678 1990 in
691 1921 855 2020 pralium
866 1920 1049 2009 hostibus,
1060 1908 1077 1987 i
1091 1919 1293 1992 adfirmant.
1318 1978 1321 1988 .

203 2030 343 2100 oGrata
370 2030 499 2127 legatio
528 2032 705 2128 Dionysio
732 2032 810 2105 luit.
836 2038 891 2104 Ita
916 2046 1021 2131 pacta
1045 2034 1235 2119 societate,
1257 2046 1295 2103 et

233 2138 370 2210 auxiliis
399 2139 586 2213 Gallorum
616 2158 767 2233 auctus,
789 2142 928 2215 bellum
956 2141 1055 2215 velut
1079 2168 1124 2213 ex
1150 2146 1292 2239 integro

204 2264 417 2330 7restaurat.
430 2256 493 2324 His
506 2268 627 2326 autem
642 2256 753 2327 Gallis
767 2279 891 2327 caussa
902 2255 941 2324 in
955 2253 1093 2326 Italiam
1108 2252 1294 2343 veniendi,

232 2360 406 2462 sedesque
421 2390 534 2437 novas
549 2366 753 2464 quaerendi,
765 2367 936 2438 intestina
949 2363 1144 2451 discordia,
1158 2378 1194 2433 et
1205 2361 1296 2433 adsi·

203 2472 311 2543 ssduae
327 2474 425 2546 domi
440 2476 683 2551 dissensiones
697 2475 820 2549 suere:
836 2500 990 2574 quarum
1006 2474 1111 2546 taedio
1128 2496 1241 2571 quum
1254 2474 1295 2541 in

230 2584 369 2657 Italiam
394 2592 598 2678 venissent,
625 2588 771 2662 sedibus
796 2587 959 2660 Thuscos
985 2585 1227 2684 expulerunt3
1257 2596 1296 2653 et
1366 2652 1372 2664 Χ

229 2808 265 2862 ad
277 2828 359 2863 annos
370 2829 405 2880 9⁰
417 2814 595 2885 pervenisset,
609 2814 653 2867 vel
664 2814 743 2867 inten-
783 2812 818 2866 de
828 2810 1019 2865 Crotoniensem
1025 2820 1113 2863 autem
1123 2806 1192 2859 nihil
1203 2804 1296 2861 habet.

230 2886 314 2940 lectus
322 2907 335 2941 a
343 2890 696 2965 Syracusanis,dumagrc1n
706 2892 743 2945 lr-
819 2899 843 2957 4.
852 2899 917 2944 Ante
925 2909 1023 2943 meuses.
1031 2888 1157 2944 scheller.
1167 2884 1228 2939 addi
1236 2886 1296 2940 vult

129 3024 134 3039 ι
229 2964 339 3017 becenm
351 2968 453 3022 circuit.
463 2988 509 3023 im.
782 2988 869 3023 seaeex
880 2966 1295 3038 Flor.1,13,15‚quippcqu2

264 3044 300 3095 V·
318 3061 342 3098 1.
355 3050 440 3117 Supra.
454 3048 519 3120 Cap.
535 3066 566 3113 r,
580 3066 604 3103 1.
619 3080 653 3092 -
664 3054 742 3103 aesu·
782 3050 881 3121 syllaba
893 3049 969 3103 facile
982 3048 1068 3101 omitti
1080 3046 1197 3120 potuerit
1208 3044 1245 3097 ob
1257 3042 1294 3096 si·

230 3132 327 3174 mentes.
338 3124 374 3175 Ar
383 3125 439 3195 jam
451 3125 552 3198 olymp.
565 3131 609 3198 67,
617 3128 649 3192 33
660 3130 692 3180 A.
705 3130 740 3183 U.
782 3126 960 3181 militudinem
976 3140 1060 3180 antec.
1077 3144 1122 3177 ses.
1136 3124 1171 3175 Is.
1185 3121 1296 3175 Vossius

230 3206 296 3265 244,
310 3201 444 3273 Sybarim
456 3204 489 3257 sb
502 3205 544 3257 his
558 3206 642 3260 victos
655 3222 742 3261 narrat
782 3206 883 3260 mavult
900 3225 1010 3257 mensem.
1026 3236 1058 3248 -·
1078 3203 1209 3255 Gallam.
1230 3198 1294 3254 Vid.

229 3276 446 3347 niod.x11‚9;
465 3280 579 3351 X1290.
598 3314 632 3325 ·-
649 3290 740 3339 Locris.
783 3286 872 3339 Nostri
886 3282 920 3337 de
933 3285 976 3337 his
988 3284 1046 3337 loca
1059 3283 1087 3334 in
1100 3279 1210 3346 iud.,›et
1222 3279 1292 3332 conl.

229 3357 362 3429 Surpiosri
372 3358 445 3424 licet,
460 3362 586 3415 Nostrum
596 3364 623 3416 in
633 3366 750 3419 nomine·
783 3362 863 3418 Diod.
878 3362 962 3426 XIV,
979 3358 1180 3431 113-117;Liv.
1195 3358 1235 3425 V,
1249 3366 1292 3423 ἧι.

228 3455 327 3490 errame
340 3449 366 3489 et
379 3438 526 3491 mauro
537 3442 635 3495 Locros
645 3443 740 3496 substi·
781 3473 816 3483 -
828 3445 907 3494 Anno
920 3440 1000 3493 Urbis
1016 3440 1075 3493 365.

228 3516 324 3581 tuissa3
344 3516 425 3571 rerba
445 3531 506 3572 sunt
523 3520 620 3593 Heynii
640 3522 741 3594 Opusc.
816 3525 842 3574 6.
864 3519 986 3570 Bellum...
1010 3528 1136 3569 restaurat.
1158 3517 1193 3568 In
1214 3516 1293 3568 MSS.

228 3595 282 3647 vol.
297 3595 348 3661 ΙΙ,
364 3614 426 3667 pag.
451 3598 493 3649 56.
514 3602 596 3649 Locris
616 3600 687 3651 enim
705 3600 741 3651 ob
782 3617 864 3669 quum
877 3598 925 3664 sit,
943 3616 975 3647 ex
992 3599 1086 3666 integro
1104 3596 1223 3668 udaquit
1234 3600 1293 3646 Res·

228 3690 379 3726 concessum
390 3687 530 3745 tyrannum
541 3675 689 3742 indulsisse,
698 3695 739 3729 re·
781 3680 881 3729 sacratis
893 3688 971 3727 autem
990 3674 1082 3737 Gallis,
1097 3672 1161 3726 inde
1173 3673 1210 3725 Is.
1224 3672 1294 3725 Vos·

227 3750 279 3802 fert
292 3750 370 3803 Diod.
382 3751 462 3819 XIV,
476 3772 541 3825 ¹⁰73
555 3755 615 3807 coll.
630 3753 737 3819 XLIV,
779 3754 832 3807 sius
844 3755 932 3820 elicit,
950 3754 1008 3806 belli
1018 3754 1087 3808 veto
1095 3772 1126 3805 ιι
1138 3756 1230 3823 integro
1239 3752 1295 3803 reli·

228 3828 327 3898 olymp.
341 3830 392 3896 98,
408 3848 431 3895 ις
443 3833 475 3883 Δ.
487 3832 522 3884 U.
538 3833 606 3897 3663
618 3832 738 3902 Rheginos
778 3838 847 3907 quius
858 3838 984 3886 instaurat.

227 3904 609 3981 contra,ducePhytone‚diu
617 3911 739 3964 resisten-
814 3930 841 3984 7.
860 3916 977 3965 Intestina
994 3910 1128 3973 discordia,
1144 3921 1169 3959 et
1184 3906 1294 3959 adsidua

228 3994 282 4047 tes,
297 3980 402 4035 tandem
414 3984 446 4037 ad
461 3985 622 4041 deditionem
636 4002 739 4043 coactos
779 3992 845 4043 domi
865 3990 1032 4044 disxmmnes.
1050 3990 1149 4043 Confer
1168 3988 1227 4041 liv.
1248 3987 1293 4051 II,

226 4060 323 4125 fuisse,
342 4058 414 4113 idem
432 4062 506 4116 addit
526 4065 659 4118 Diodorus
680 4084 738 4139 cap.
783 4072 823 4131 16,
835 4069 850 4121 3
861 4086 869 4134 ;
880 4069 972 4122 senec.
983 4068 1017 4121 ad
1029 4068 1106 4122 Helv.
1116 4070 1147 4133 63
1160 4064 1244 4120 Tacit.
1258 4062 1293 4117 de

230 4154 361 4203 rii-ua,
375 4156 444 4193 anno
456 4142 534 4195 Urbis
547 4142 658 4199 conditae
671 4145 738 4219 3673
780 4138 900 4201 Moribus
913 4146 1003 4201 Germ.
1017 4164 1059 4215 ²9·
