2967 4684
233 328 304 415 304
654 332 673 398 J
680 328 863 399 USTINI

203 464 219 515 6
233 451 364 521 civium
376 446 499 522 trahit.
519 454 694 521 Reversus
707 452 745 522 in
759 450 888 522 urbem
901 449 990 523 alios
1000 452 1132 539 vincit,
1145 464 1293 549 torquet

232 562 340 650 alios,
362 561 449 633 ahos
472 560 630 633 occidit:
653 560 774 632 nullus
795 560 896 633 locus
916 560 1018 633 urbis
1041 585 1062 632 a
1083 558 1292 633 crudelitate

204 676 381 769 7tyranni
401 688 512 745 vacat
537 672 683 745 Accedit
705 674 843 743 saevitiae
861 671 1073 759 insolentia,
1091 668 1292 741 crudelitati

203 786 444 881 sarrogantia.
463 782 651 856 Interdum
671 806 715 853 ex
731 807 900 885 successu
917 784 1100 883 continuae
1115 779 1291 853 felicitatis

169 940 173 949 ·
231 893 454 967 obliviscitur
479 920 516 965 se
549 894 759 982 hominem3
784 893 968 965 interdum
992 897 1089 966 lovis
1113 917 1151 965 se
1164 890 1291 961 'filium

202 1004 329 1076 edicit.
354 1007 462 1077 Eunti
481 1030 546 1105 per
562 1003 749 1103 publicum
773 1028 880 1076 aurea
895 1004 1044 1102 aquila,
1063 1002 1163 1076 velut
1187 1026 1291 1098 argu·

187 1136 219 1171 10
231 1129 395 1187 mentum
410 1117 571 1212 generis,
594 1112 879 1213 praelerehatur':
900 1128 997 1186 veste
1027 1137 1227 1213 purpmea‚
1254 1127 1292 1184 et

231 1223 422 1296 cothurnis
441 1248 566 1324 regum
583 1228 821 1324 tragicorum,
836 1240 873 1297 et
887 1251 994 1297 aurea
1011 1250 1148 1298 corona
1166 1222 1291 1295 uteba·

186 1358 216 1394 ¹1
232 1350 315 1407 tur:
334 1333 449 1407 filium
473 1360 619 1435 quoque
644 1359 750 1407 suum
768 1340 962 1409 Ceraunon
983 1350 1109 1421 vocat,
1130 1347 1172 1403 ut
1194 1336 1291 1403 Deos

231 1470 310 1515 non
326 1445 517 1516 mendacio
537 1460 698 1533 tantum,
714 1468 840 1515 verum
858 1448 964 1516 etiam
982 1442 1193 1515 nominihus
1210 1440 1290 1512 illu-

187 1576 218 1611 12
231 1554 302 1627 dat.
320 1562 404 1627 Haec
421 1555 521 1627 illum
537 1553 654 1625 facere
670 1552 745 1625 duo
767 1553 982 1626 nobilissimi
1001 1554 1151 1649 juvenes
1170 1551 1291 1623 Chion

232 1680 268 1755 et
281 1662 458 1736 Leonides
472 1664 723 1760 indignantes,
739 1667 892 1763 patriam
910 1663 1094 1735 liberaturi
1108 1667 1147 1735 in
1164 1687 1293 1735 necem

187 1776 219 1831 1³
232 1776 379 1870 tyranni
398 1776 621 1872 conspirant.
635 1778 748 1843 Erant
762 1772 802 1842 hi
815 1773 981 1872 discipuli
997 1772 1156 1845 Platonis
1173 1772 1292 1874 philo-

232 1881 359 1981 sophi:
375 1886 438 1979 qui
452 1884 639 1971 virtutem,
653 1882 699 1955 ad
715 1908 825 1980 quam
841 1883 1002 1980 quotidie
1017 1888 1205 1984 praeceptis
1220 1881 1293 1954 ma·-

231 1996 331 2093 gistri
347 1991 621 2083 erudiebantur,
634 1997 757 2092 patriae
775 1992 946 2066 exhibere
963 1997 1168 2094 cupientes,
1186 1999 1291 2093 quin·

232 2105 403 2202 quaginta
423 2119 595 2201 cognatos
613 2103 739 2203 [veluti
762 2102 928 2202 clientes]
943 2108 983 2177 in
1000 2105 1141 2179 insidiis
1158 2106 1290 2180 locant.

189 2222 219 2279 1t
230 2215 304 2313 Ipsi
318 2238 420 2285 more
434 2215 675 2312 jurgantium,
691 2214 736 2285 ad
754 2229 952 2311 tyrannum
967 2214 1086 2315 [veluti
1100 2214 1146 2287 ad
1159 2215 1291 2315 regem]

188 2326 219 2381 1⁵
232 2325 272 2394 in
287 2348 406 2395 arcem
421 2326 674 2397 contendunt:
692 2328 755 2426 qui
768 2326 848 2422 jure
867 2324 1112 2399 familiaritatis
1128 2328 1291 2416 admissi,

231 2435 319 2512 dum
337 2437 488 2509 alterum
506 2440 665 2538 priorem
681 2438 864 2511 dicentem
876 2441 1039 2511 intentus
1052 2438 1154 2510 audit
1170 2454 1293 2535 tyran-

187 2554 219 2603 ¹ss
232 2572 321 2636 nus,
339 2546 384 2619 ab
402 2548 514 2619 altero
530 2548 781 2621 obtruncatur.
794 2547 863 2620 Sed
881 2562 919 2619 et
932 2550 1019 2648 ipsi,
1031 2550 1136 2621 sociis
1153 2548 1290 2619 tardius

187 2656 400 2733 ¹7auxilium
422 2656 639 2748 serentibus,
657 2686 677 2731 a
701 2657 912 2731 satellitibus
937 2657 1151 2731 obruuntur.
1170 2659 1292 2746 Quare

232 2764 368 2839 sactum
386 2782 456 2856 est,
469 2783 511 2840 ut
526 2783 706 2865 tyrannus
725 2771 872 2868 quidem
895 2769 1136 2858 occideretur,
1153 2768 1215 2839 sed
1233 2793 1294 2867 pa·

265 2944 290 2997 7.
299 2927 425 2981 Accedit...
438 2932 588 2999 arrogantia.
599 2930 738 2985 Sevushio
779 2928 866 2983 adhuc
881 2940 991 2982 exstant.
1008 2930 1081 2982 Inter
1099 2946 1164 3000 ques
1182 2944 1236 2980 nna
1254 2940 1295 2980 est

230 3016 356 3077 tyrannus
370 3006 400 3057 lit
414 3006 540 3073 insolens,
560 3007 673 3062 crudelis
691 3008 738 3074 lit,
778 3008 909 3079 adipsum
919 3008 1077 3063 Clearchum
1085 3009 1180 3079 scripta
1191 3020 1295 3061 :aunt

229 3100 364 3153 arrogans,
372 3082 737 3151 Critiaeinsturetdlcibiadis‚
779 3085 813 3138 ad
822 3086 1074 3159 Platonem‚quaed
1083 3084 1180 3162 cedem
1189 3084 1296 3159 tyranni

138 3182 143 3195 ·
229 3178 296 3233 quos
315 3161 467 3232 Xenophon
485 3164 667 3230 (Mern.1‚a‚
688 3170 737 3235 ra)
779 3165 1001 3236 separandos
1016 3165 1294 3236 radiarininquit,

229 3240 737 3311 venetensem-veatttcpmetmt.
780 3246 823 3294 ui
837 3246 975 3311 sturmini
994 3246 1153 3307 ὶπολιίποιμι
1167 3241 1208 3296 rs'r
1226 3247 1294 3303 filet,
1388 3282 1397 3289 -

264 3318 289 3371 8.
307 3324 349 3371 Ex
365 3338 483 3371 successu.
503 3320 610 3375 Curtius
624 3322 676 3387 lv,
691 3330 735 3389 14,
782 3323 803 3376 ti
815 3321 963 3379 masdrae
972 3322 1015 3377 τὶν
1025 3326 1159 3390 reperii&
1169 3324 1197 3387 if
1206 3316 1294 3389 tirdpo‘-

229 3394 263 3459 34
285 3414 292 3447 :
313 3398 461 3467 fragilitatis
483 3398 593 3451 bumana
614 3404 687 3453 nimia
714 3406 740 3453 in
780 3426 832 3461 που
848 3405 1028 3473 terrolam.
1051 3423 1096 3458 ιι).
1117 3434 1150 3444 ·-
1167 3404 1294 3455 leonida.

224 3478 344 3546 prosperis
353 3474 437 3528 oblivio
446 3488 495 3539 ast,-
507 3478 597 3531 Senec.
610 3480 683 3533 Sues.
694 3478 738 3533 ll:
780 3482 815 3535 Is.
830 3485 939 3536 Vossius
948 3502 1048 3535 cortex.
1058 3490 1124 3535 hon
1132 3500 1163 3534 ex
1173 3484 1294 3534 Memno·

228 3556 358 3625 Nunquam
369 3558 394 3605 in
407 3554 485 3606 solido
498 3560 563 3608 stetit
571 3556 671 3629 superba
678 3558 740 3622 seli-
780 3560 821 3613 nis
832 3562 929 3633 eclogia
940 3560 974 3615 de
984 3562 1093 3614 historia
1104 3560 1223 3614 Pontica.

229 3633 303 3693 σάω,-
316 3644 341 3683 et
351 3635 480 3703 ingentium
494 3626 641 3706 imperidrum
652 3654 741 3705 magna
820 3638 861 3691 13.
877 3640 972 3709 [Veluti
984 3639 1101 3709 clientes}
1120 3639 1182 3691 Hoc
1197 3636 1294 3703 verba,

224 3708 327 3777 fastigia
346 3709 460 3763 oblivione
470 3712 614 3785 fragilitatis
631 3714 741 3767 tunam
784 3728 811 3769 et
824 3734 885 3769 mox
895 3718 1024 3787 [validiori
1031 3717 1121 3787 regem]
1133 3716 1294 3769 Glossemata

229 3787 334 3859 collapsa
347 3802 410 3843 suut.
424 3808 473 3845 nu.
780 3806 858 3859 sunt,
882 3796 975 3849 Sebisii
997 3808 1024 3849 et
1043 3795 1198 3849 Berneuceri
1219 3792 1292 3867 judi-

267 3883 307 3915 11.
329 3870 462 3921 ceraunon.
479 3868 613 3940 tepueris,
632 3870 739 3923 Tonan-
780 3874 831 3925 cio.
847 3890 892 3925 sn.
1183 3898 1186 3904 ·

230 3954 297 4007 tem,
312 3960 376 4014 ergo
389 3946 492 4000 Jovem.
821 3954 861 4004 15.
871 3950 1060 4019 Qui...admissi.
1069 3950 1194 4005 Latinitas
1203 3963 1293 4022 postu·

267 4036 306 4073 ιι.
320 4026 375 4073 Duo
386 4022 526 4076 nobilissimi
532 4028 639 4096 juvenes
653 4026 739 4080 Unius
781 4028 819 4080 lat
830 4028 914 4101 quibus
926 4026 1099 4081 admt'ssisslle
1111 4046 1140 4083 re
1151 4030 1243 4083 confer
1254 4028 1292 4082 ti-

229 4098 339 4165 horum,
350 4112 375 4153 et
384 4102 480 4173 prioris
489 4103 613 4175 quidem,
624 4106 739 4179 epistole
781 4108 844 4159 mile
857 4104 929 4181 apud
941 4108 999 4162 Lir.
1012 4108 1042 4173 1,
1058 4114 1100 4172 4⁰·
