2967 4684
394 329 773 399 msxonmnuu
799 307 958 402 amin
983 315 1073 401 xii.
1156 299 1166 307 ’
1196 331 1264 418 245

208 453 305 518 sores
333 471 481 545 quoque
507 448 699 520 Alexandri
725 454 867 524 mansit.
893 454 1006 549 Igitur
1033 467 1070 523 et
1098 450 1295 525 alimentas

206 558 327 654 pueris
343 571 493 648 statuta;
506 575 542 629 et
558 560 799 631 instrumenta
816 585 998 634 armorum
1015 587 1267 660 equorumque

203 667 397 763 juvenibus
420 668 519 759 data3
543 684 580 742 et
605 670 787 768 patribus,
812 697 880 770 pro
906 697 1060 744 numero
1085 670 1267 761 filiorum,

207 780 352 874 praemia
367 794 506 852 statuta.
522 783 556 852 si
576 805 732 878 quorum
749 795 868 880 patres
885 782 1117 872 occidissent,
1134 782 1296 859 nihilo-u

207 887 328 958 minus
353 889 477 987 pupilli
500 891 678 989 stipendia
705 907 851 988 patrum
880 893 1092 982 trahebant3
1109 919 1267 990 quorum

208 997 360 1098 pueritia
377 1001 472 1070 inter
487 1003 602 1072 varias
617 1002 882 1099 expeditiones,
895 1005 1021 1075 militia
1039 1021 1122 1076 erat
1141 1009 1267 1102 ltaque
1281 1031 1313 1068 ιο

209 1132 229 1177 a
250 1109 396 1206 parvula
417 1125 518 1181 aetate
543 1111 710 1208 periculis
733 1110 991 1208 laboribusque
1015 1112 1194 1199 indurati,
1211 1116 1267 1182 in-

207 1219 322 1289 victus
340 1222 516 1292 exercitus
532 1219 633 1292 fuere
648 1248 655 1290 :
671 1245 791 1318 neque
809 1237 924 1292 castra
942 1222 1064 1310 aliter,
1079 1248 1187 1320 qnam
1206 1249 1267 1322 pa·

207 1331 329 1417 uiam,
341 1355 460 1428 neque
473 1355 632 1429 pugnarn
647 1331 743 1402 aliud
754 1355 934 1428 unquam,
944 1355 1054 1429 quam
1064 1332 1268 1421 victoriam,

207 1440 352 1512 duxere.
371 1448 454 1512 Haec
473 1440 616 1514 soboles
634 1466 771 1513 nomen
794 1442 923 1513 habuit
943 1444 1107 1540 Epigoni.
1128 1441 1267 1514 Parthis
1281 1469 1311 1504 11

207 1540 339 1623 deinde
357 1552 521 1639 domitis,
542 1551 731 1651 p'raesectus
752 1553 809 1624 his
831 1555 999 1625 statuitur
1017 1576 1062 1622 ex
1082 1550 1311 1624 nobilibus„
1426 1592 1430 1598 -

205 1665 392 1734 Persarum
408 1663 632 1760 Andragoras
646 1691 654 1733 ε
667 1663 767 1735 unde
782 1677 907 1762 postea
921 1663 1098 1760 originem
1114 1660 1267 1732 Partho·

205 1797 286 1844 rum
305 1797 407 1872 reges
422 1772 594 1847 habuere.

253 1887 292 1954 V.
315 1888 456 1955 Interea
479 1883 682 1956 Alexander
705 1911 783 1956 non
803 1889 923 1984 regio,
946 1884 1011 1956 sod
1033 1883 1154 1956 hostili
1181 1883 1293 1954 odim

206 1993 326 2064 saevire
342 1995 380 2063 in
399 2019 483 2065 suos
501 1998 621 2093 coepit.
642 1999 798 2066 Maxime
817 1995 1093 2092 indignabatur,
1112 1997 1212 2092 carpi
1229 2020 1295 2066 sea

206 2103 435 2174 sermonibus
448 2128 614 2192 suorum,
628 2105 785 2204 Philippi
798 2107 924 2203 patris,
938 2107 1134 2204 patriasque
1148 2127 1268 2174 mores

206 2210 431 2284 subvertisse.
450 2219 602 2311 Propter
622 2239 701 2310 quae
721 2217 873 2285 crimina
888 2215 1105 2284 Parmenion
1121 2235 1297 2309 quoques

207 2345 334 2409 senex,
349 2323 522 2420 dignitate
540 2325 615 2420 regi
634 2326 841 2420 proximus,
855 2347 939 2393 cum
958 2321 1099 2392 Philota
1117 2320 1209 2425 lilio,
1224 2320 1270 2390 de

206 2445 363 2528 utroque
378 2433 478 2529 prius
496 2431 759 2528 quaestionibus
778 2432 931 2521 habitis,
944 2430 1173 2504 interficitur.
1187 2435 1297 2505 Fre-t

205 2565 304 2612 mere
323 2542 444 2638 itaque
464 2566 591 2613 omnes
611 2543 788 2614 universis
809 2547 932 2616 castris
951 2567 1113 2641 coepere,
1128 2543 1271 2613 innoxii

205 2651 301 2721 senis
319 2649 457 2749 filiique
476 2677 597 2722 casum
618 2654 849 2742 miserantes;
866 2654 1072 2742 interdum,
1088 2682 1107 2720 tt
1121 2677 1159 2724 se
1177 2676 1269 2750 quo·

206 2786 277 2859 que
291 2787 368 2833 non
380 2762 513 2836 debere
527 2763 655 2835 melius
669 2789 858 2862 sperare,»
870 2764 1041 2837 diceutes.
1050 2766 1139 2853 Quae
1154 2780 1294 2860 quums

206 2874 372 2942 nuntiata
396 2873 599 2946 Alexandro
627 2891 768 2964 essent,
789 2901 941 2964 verens,
963 2900 1010 2946 ne
1037 2873 1115 2944 haec
1143 2876 1269 2972 opinio

206 2983 312 3052 etiam
338 2984 377 3051 in
402 2984 651 3055 Macedoniam
680 2985 941 3082 divulgaretur,
968 2999 1005 3057 et
1032 3009 1082 3056 ne
1109 2986 1268 3055 victoriae

205 3091 315 3188 gloria
331 3095 469 3162 saevitiae
485 3094 625 3165 macula
642 3093 900 3183 infuscaretur,
913 3095 1056 3166 simulat
1070 3120 1107 3166 se
1121 3119 1165 3166 ex
1180 3097 1267 3166 ami·
1372 3129 1378 3135 ·

205 3203 255 3272 cis
278 3201 454 3300 quosdam
477 3205 512 3272 in
537 3207 689 3300 patriam
708 3207 869 3278 victoriae
892 3208 1044 3277 nuntios
1062 3208 1267 3276 missurum.

205 3316 378 3383 Hortatur
405 3313 535 3384 milites
565 3315 637 3384 suis
666 3315 847 3405 scribere,
873 3318 1048 3387 rariorem
1077 3314 1293 3390 habituroso

203 3425 432 3494 occasionem
443 3438 594 3522 propter
605 3423 768 3496 militiam
780 3427 1141 3496 remotioremDatos
1153 3421 1293 3511 lasces7

205 3531 437 3631 epistolarum
457 3537 564 3606 tacite
582 3533 628 3606 ad
649 3559 686 3606 se
705 3533 838 3607 deferri
853 3534 958 3630 jubet
971 3563 979 3605 :
994 3559 1039 3607 ex
1057 3533 1190 3630 quibus
1209 3558 1292 3611 coa

239 3783 713 3857 V.3.Mpterquoecrimiaaetc.conl.
754 3801 885 3838 annornm
892 3784 1065 3855 septuaginta.
1073 3814 1108 3826 -
1116 3784 1147 3835 A.
1154 3785 1189 3838 U.
1203 3788 1263 3850 42⁵.

205 3861 285 3915 Diod.
306 3860 405 3926 XVII,
426 3866 523 3934 79·80,
544 3864 590 3935 qui
612 3864 712 3938 olymp.
790 3865 814 3918 5.
827 3861 1004 3914 Macedoniam.
1018 3862 1095 3916 MSS.
1109 3863 1264 3916 Macedonia,

208 3957 272 4004 m,
286 3945 315 4004 4,
328 3941 357 3991 A.
370 3941 403 3992 U.
421 3941 485 4006 4²5,
501 3941 631 3994 Philotan
648 3959 713 3994 eon-
789 3943 816 3993 6.
833 3940 974 3993 Habitum.
990 3939 1087 3993 Dioens
1103 3940 1175 4012 ipsos
1187 3943 1263 3996 habi·

204 4017 342 4087 jurationis
366 4019 533 4084 accusatum,
552 4037 607 4072 non
627 4033 714 4074 autem
754 4031 905 4074 turonense

207 4095 356 4149 convictum
369 4097 456 4153 refert.
469 4127 502 4140 -
511 4103 597 4152 Scaea.
611 4097 715 4154 scilieet
790 4117 818 4169 7.
832 4101 922 4153 Tacite.
932 4096 1038 4156 seilicet
1050 4098 1132 4166 dun,
1141 4109 1250 4155 mm
