2967 4684
217 352 286 440 348
638 352 847 424 JUSTINI

85 469 89 476 ¹
172 509 205 545 1⁰
218 487 357 588 cipibus
374 483 548 560 interficit
564 511 572 558 :
591 502 698 585 atque
714 488 765 558 ita
783 486 893 559 veluti
912 480 1117 584 reipublicae
1136 498 1279 556 statum'

215 598 454 686 formaturus,
468 597 643 698 populum
657 601 696 668 in
712 596 893 669 theatrum
910 598 955 669 ad
973 599 1189 669 concionem
1206 621 1272 666 νο-Δ

216 712 289 782 cari
303 709 425 806 jubet,
438 725 627 781 contracto
645 712 683 778 in
698 711 883 806 gymnasio
897 723 1043 796 senatu,
1059 709 1159 805 quasi
1174 731 1268 804 quaa-

170 841 201 875 11
215 820 299 892 dam
313 823 411 920 prius
424 819 664 891 ordinaturus.
674 821 730 890 Sic
745 820 951 917 compositis
963 817 1090 905 rebus',
1103 817 1271 887 immissis

125 1006 131 1036 ,
170 953 201 990 ¹²
214 931 387 1004 militibus
407 915 583 1031 populum
604 930 765 1020 obsidet,
784 939 948 1000 senatum
966 927 1147 1000 trucidat:
1166 926 1267 1022 cujus

179 1125 182 1129 ¹
213 1058 359 1141 peracta
385 1042 499 1132 caede,
524 1068 569 1114 ex
596 1042 702 1139 plebe
731 1065 877 1139 quoque
904 1039 1204 1139 locupletissimos
1231 1052 1268 1109 et

212 1155 472 1250 promtissimos‘
490 1150 670 1224 interficit.

185 1287 198 1322 1
215 1280 218 1299 '
259 1269 320 1336 ΙΙΙ.
335 1267 398 1337 His
414 1265 464 1335 ita
480 1265 600 1362 gestis,
612 1264 764 1335 militem
779 1261 880 1359 legit,
893 1260 1161 1356 exercitumque
1178 1281 1269 1329 cond

211 1373 357 1446 scribit}
376 1401 451 1472 quo
467 1377 681 1464 instructus,
693 1372 872 1444 finitimas
882 1373 1059 1459 civitates,
1076 1370 1168 1440 nihil
1184 1368 1267 1442 hos-

183 1486 272 1557 ²tile
298 1501 518 1574 metuentes,
539 1510 585 1556 ex
607 1485 804 1584 improviso
830 1481 1044 1581 adgreditur.
1071 1486 1266 1552 Poenorum

211 1602 358 1692 quoque
381 1597 517 1684 socios,
539 1597 771 1692 permittente
792 1593 1009 1682 Hamilcare,
1027 1591 1122 1664 loede
1140 1607 1266 1664 vexat:

209 1716 360 1801 propter
377 1706 477 1801 quod
494 1706 656 1803 querelas
670 1705 923 1802 Carthaginem
938 1705 1025 1774 socii
1043 1728 1118 1774 non
1135 1717 1206 1774 tam
1220 1702 1267 1774 de

180 1811 423 1909 3Agathocle,
444 1838 553 1912 quam
576 1813 621 1885 de
643 1815 861 1902 Hamilcare,
881 1812 1111 1885 detulerunt:
1126 1843 1143 1880 α
1158 1820 1265 1885 Hunc

208 1937 250 1992 ut
274 1921 463 1995 dominum
487 1939 523 1995 et
544 1937 761 2020 tyrannum,
780 1924 881 1995 illum
901 1940 942 1995 ut
966 1923 1189 2022 proditorem
1210 1949 1266 1995 ar⁸¹

207 2049 359 2130 guentes
371 2061 380 2135 ς
394 2038 414 2103 a
428 2058 502 2132 quo
517 2032 748 2106 infestissimo
763 2032 877 2123 hosti,
892 2033 1047 2107 fortunae
1066 2036 1266 2124 sociorum,

164 2165 197 2231 ,4
208 2145 420 2242 interposita
437 2147 622 2244 pactione,
641 2143 782 2216 donatae
800 2149 873 2218 sint
887 2173 895 2215 :
910 2133 1002 2217 sicut
1018 2145 1064 2216 ab
1080 2146 1183 2216 initio
1200 2150 1265 2241 sy-

206 2280 341 2335 racusae
355 2257 395 2325 in
409 2259 542 2354 pignus
560 2257 739 2330 societatis
756 2257 830 2328 sint
848 2256 1002 2344 traditae,
1019 2254 1108 2328 urbs
1124 2272 1266 2354 semper·

207 2369 328 2439 Poenis
339 2365 481 2457 infesta,
490 2367 580 2441 etde
591 2369 743 2466 imperio
756 2367 879 2438 Siciliae
888 2364 1112 2464 Carthaginis
1123 2365 1263 2438 aemula:

206 2501 307 2548 nunc
330 2479 479 2577 insuper
505 2479 662 2550 civitates
689 2481 869 2551 sociorum
896 2478 1011 2549 eidem
1035 2473 1139 2548 titulo
1165 2479 1267 2576 pacis

177 2586 373 2660 taddictas
398 2590 624 2660 Denuntiare
650 2591 759 2685 igitur
787 2613 844 2678 se,
865 2588 943 2660 haec
967 2587 1068 2660 brevi
1096 2587 1140 2660 ad
1165 2589 1262 2686 ipsos

205 2697 462 2787 redundatura,
472 2723 514 2770 ac
526 2698 737 2797 propediem
750 2723 930 2786 sensuros,
940 2696 1116 2796 quantum
1127 2696 1261 2768 malum

177 2827 283 2878 onon
299 2806 423 2878 Siciliae
439 2809 568 2904 magis,
585 2832 693 2907 quam
713 2811 780 2907 ipsi
800 2807 942 2899 Africae,
958 2809 1178 2881 attulerint.»
1197 2810 1261 2878 His

206 2917 361 3014 querelis
374 2933 520 2990 senatus
538 2920 578 2990 in
597 2920 834 2992 Hamilcarem
848 2921 1069 2994 accenditur.
1083 2921 1151 2994 Sed
1171 2947 1262 3019 quo-

206 3029 304 3099 niam
317 3030 357 3099 in
373 3031 525 3128 imperio
541 3045 651 3120 esset,
665 3033 773 3103 tacita
785 3031 830 3104 de
844 3057 888 3103 eo
903 3030 1070 3131 suffragia
1084 3032 1262 3120 tulerunt,

242 3287 284 3323 10.
300 3273 381 3342 Atque
397 3273 441 3322 ita.
459 3271 500 3323 De
517 3269 571 3323 hoc
590 3288 712 3342 paragra-
753 3288 781 3336 a,
802 3272 834 3339 6)
856 3269 974 3323 fortunas
994 3268 1126 3324 sociorum
1148 3267 1271 3338 (Siciliae.

202 3347 275 3420 pho,
287 3349 472 3421 sequentique,
480 3347 608 3420 videque
620 3349 711 3402 notavi
751 3348 885 3402 civitatum
899 3367 960 3402 eum
973 3348 1057 3401 Poenis
1067 3348 1190 3401 societate
1199 3365 1263 3400 con·

202 3425 236 3480 ad
247 3428 272 3494 S.
289 3445 312 3480 r.
323 3457 357 3466 -
369 3431 507 3499 Gymnasio.
522 3428 710 3494 Timoleontis,
748 3429 909 3500 junctarum)
923 3428 1027 3482 donarit
1042 3427 1200 3498 Agathocli,
1219 3429 1262 3479 in·

201 3505 283 3559 Diod.
289 3505 373 3571 xla,
385 3509 412 3558 6.
423 3505 538 3571 Quidam
547 3510 709 3577 Gymnasium.
752 3505 889 3559 senissimo
902 3506 982 3558 hosti.

240 3602 279 3637 aa.
292 3587 471 3636 Promta'ssiraeos.
488 3591 598 3657 Quosque
610 3583 712 3640 addunt
787 3590 812 3646 4.
827 3583 978 3653 malagna
994 3584 1089 3635 oemuh.
1107 3581 1189 3649 Quod
1207 3593 1261 3635 tota

202 3661 265 3716 edd.
290 3677 411 3736 quatuor.
433 3664 516 3737 antiq.
538 3665 634 3717 omisso
651 3676 711 3718 aute
750 3660 830 3732 hujus
842 3663 953 3716 civitatis
961 3663 1070 3716 historia
1078 3661 1205 3728 ostendit,
1216 3680 1262 3714 cu·

202 3759 308 3812 quoque,
323 3743 400 3795 bene.
748 3741 792 3811 jus
817 3741 924 3813 quidem
954 3742 1063 3796 brevem
1090 3753 1263 3813 conspectum

238 3818 294 3870 111.
304 3837 328 3872 a.
340 3828 427 3873 Vexat.
435 3823 533 3892 lajariis
541 3818 710 3875 adduntadd
750 3817 812 3873 dedi
823 3824 848 3872 in
857 3825 955 3874 meinent
965 3827 1028 3875 uer.
1041 3821 1141 3875 Handb.
1152 3822 1206 3876 vol.
1216 3820 1263 3884 11,

201 3894 286 3964 antiq.
750 3917 811 3970 pag.
823 3901 949 3954 aot-268.

238 3971 264 4024 3·
287 3976 386 4025 Hunc...
408 3989 543 4045 arguentes.
565 3979 711 4048 Argumtes
787 3979 811 4029 5.
826 3979 926 4031 Malum.
944 3979 1017 4043 uati,
1030 3977 1104 4052 quod
1116 3989 1143 4031 et
1155 3977 1263 4030 Grono-

202 4048 279 4102 lllum
299 4049 521 4123 (Hamilcarem),
542 4068 574 4108 ut
591 4055 712 4127 prodito·
752 4055 811 4110 vius
821 4073 884 4110 avus
893 4058 1016 4124 malebat,
1026 4057 1125 4112 habeut
1133 4053 1267 4110 editiones

204 4144 274 4191 rem,
287 4126 334 4196 qui
345 4126 498 4199 interposita
507 4133 629 4204 pactione
638 4136 712 4206 (cap.
753 4134 872 4207 qrrinque
884 4135 1003 4208 antiqua.
