2967 4684
212 337 258 414 A(
545 330 940 400 PROLEGOMENA

256 469 324 528 tor,
347 462 449 512 matre
472 467 531 512 sua
545 447 775 513 Thessalonice
784 449 914 529 occisa,
934 435 1153 512 adversarium
1175 448 1275 514 habet

244 550 390 614 ¹fratrem
412 549 656 631 Alexandrum,
680 551 739 636 qui
763 550 953 631 Demetrio,
974 572 992 612 a
1015 571 1099 636 quo,
1113 571 1217 637 quum
1233 549 1276 614 ad

257 673 334 718 eum
362 652 583 740 confugisset,
615 651 807 718 interfectus
841 666 932 731 erat,
966 651 1172 716 occasionem
1198 651 1275 734 dat,

257 754 476 842 Antipatrum,
487 753 668 842 Lysimachi
678 775 846 842 generum,
856 751 1041 842 pellendiet
1049 751 1276 818 Macedoniarn

259 853 454 944 occupandi.
469 857 507 920 A.
524 856 565 919 U.
580 855 656 933 460.

211 958 289 1024 Car.
314 957 358 1021 ll.
380 959 587 1047 Antipatrum
602 955 811 1044 Lysimachus
827 953 999 1037 interficit,
1014 955 1202 1020 Demetrius
1216 976 1275 1018 au-

257 1075 323 1124 tem
343 1082 362 1124 a
381 1059 519 1128 Seleuco
536 1075 649 1148 captus
663 1055 803 1125 decedit.
818 1058 857 1120 A.
873 1055 914 1119 U.
932 1055 1009 1134 (68.

211 1162 291 1226 Car.
309 1163 413 1226 lll-V.
432 1161 661 1250 Lysimachus,
678 1159 804 1247 Pyrrho
820 1159 910 1222 socio
924 1159 1034 1247 pulso,
1047 1154 1275 1222 Macedoniam

172 1321 178 1331 ,
256 1279 413 1353 occupat,
436 1279 470 1328 et
492 1263 656 1330 Heracleae
677 1261 804 1327 bellum
820 1260 920 1327 infert
936 1283 945 1340 ;
960 1262 1053 1343 cujus
1065 1261 1159 1326 'urbis
1182 1261 1275 1350 origo

260 1382 294 1433 et
306 1366 370 1434 lata
385 1381 590 1432 enarrantur.

622 1536 743 1582 etant
765 1535 866 1580 xtra

212 1657 290 1720 Car.
302 1657 378 1721 1-11.
391 1657 618 1746 Lysimachus,
635 1677 736 1720 sevus
749 1657 784 1720 iu
797 1654 903 1720 filium
918 1671 952 1720 et
965 1654 1145 1745 principes,
1162 1651 1277 1716 infelix

257 1758 428 1822 incaeteris
442 1756 573 1839 liberis,
588 1759 674 1847 perit
690 1759 724 1820 in
738 1758 827 1822 bello
844 1775 959 1823 cont-ra
973 1758 1148 1822 Seleucum
1165 1756 1218 1845 (A.
1235 1755 1277 1818 U.

258 1855 335 1946 472)
351 1881 358 1922 :
372 1860 430 1948 qui
446 1875 479 1923 et
494 1860 562 1949 ipse
576 1876 700 1949 septem
715 1861 881 1926 mensibus
895 1876 969 1950 post
986 1859 1150 1925 occiditur
1164 1881 1182 1921 a
1198 1858 1277 1922 Pto·
1298 1888 1304 1894 ·

257 1962 372 2026 lemaeo
385 1962 550 2042 Cerauno,
565 1962 623 2050 qui
637 1960 804 2027 adfinitate
816 1985 852 2028 ae
863 1963 1034 2052 conjungit
1045 1984 1122 2026 cum
1133 1960 1278 2050 Pyrrho,

258 2063 352 2152 Epiri
368 2085 455 2153 rege.
473 2066 512 2128 A.
529 2063 570 2128 U.
588 2063 664 2152 473.
687 2129 691 2138 ,
767 2129 773 2140 ,

212 2167 289 2231 Car.
307 2166 368 2232 Ill.
383 2167 469 2233 Hinc
493 2167 534 2233 de
554 2169 651 2237 Errnr
676 2167 804 2256 origine
826 2168 1100 2258 auctorexponit
1122 2164 1164 2232 ad
1188 2166 1283 2230 hunc¹

257 2292 363 2360 usque
379 2270 555 2362 Pyrrhum.

617 2433 738 2480 uttan
761 2433 890 2478 1v11t·

213 2550 292 2618 Car.
310 2553 336 2616 l.
353 2553 497 2642 Pyrrhus
510 2577 527 2618 a
539 2553 725 2624 Tarentinis
739 2552 862 2614 auxilio
878 2565 991 2614 contra
1004 2548 1167 2611 Romanos
1182 2570 1278 2612 voca·

259 2668 312 2716 tue
329 2655 381 2742 (A.
397 2653 437 2716 U.
455 2653 550 2739 473),
568 2653 663 2716 caedit
675 2652 751 2730 hos,
767 2649 853 2714 duce
870 2649 1003 2714 consule
1016 2649 1160 2728 Laevino,
1173 2664 1206 2712 et
1217 2649 1278 2714 ite·

258 2775 334 2816 rum
350 2753 541 2816 consulibus
556 2749 841 2839 subsequentibus,
858 2754 896 2813 A.
912 2749 953 2812 U.
968 2751 1043 2834 474.
1115 2837 1118 2842 Ι

214 2850 291 2912 Car.
308 2849 349 2914 11.
366 2850 449 2914 Pace
466 2867 542 2912 cum
564 2849 616 2913 his
633 2847 830 2936 composita,
847 2847 882 2910 in
903 2845 1046 2911 Siciliam
1064 2853 1278 2913 vocatus‘tra-

139 2949 147 2962 ”
256 2951 328 3031 jicit
342 2975 361 3023 a
376 2951 696 3042 Carthaginiensibus
716 2948 894 3014 turbatam.

215 3051 293 3121 Cn.
315 3053 375 3118 lll.
398 3053 483 3118 Hinc
508 3051 550 3118 de
576 3053 917 3118 anrnaormunstnns
935 3051 1071 3141 exponit
1085 3068 1210 3116 auctor.
1236 3052 1279 3116 lli

260 3155 394 3245 quidem
410 3156 475 3220 orti
486 3171 562 3220 sunt
574 3177 591 3220 a
605 3155 738 3236 Trans,
751 3177 894 3243 quorum
910 3156 990 3218 urbs
1006 3153 1137 3220 condita
1151 3179 1170 3218 a
1184 3155 1280 3220 Phoe·

260 3259 390 3324 uicibus
408 3258 458 3348 (A.
476 3260 521 3324 Μ.
542 3257 658 3346 αὸοό).
676 3258 924 3347 conspiratione
941 3277 1110 3321 servorum
1126 3254 1279 3320 omnibus

261 3365 412 3454 ingenuis
426 3361 611 3447 trucidatis,
624 3385 710 3427 unus
726 3378 873 3427 servatur
888 3363 1035 3442 Straton,
1047 3359 1105 3446 qui
1118 3379 1175 3422 rex
1186 3358 1280 3447 eligi·

261 3483 331 3550 tur,
345 3469 436 3549 cujus
451 3468 543 3556 stirpi
560 3488 697 3556 regnum
711 3466 855 3530 restituit
871 3462 1061 3530 Alexander.

218 3569 295 3662 Car.
312 3569 431 3634 lV-Vl.
449 3569 547 3658 Tyria
563 3585 673 3634 autern
691 3569 793 3632 Elissa
808 3564 940 3658 (Dido),
955 3565 1081 3631 Acerba
1093 3564 1209 3628 marito
1221 3585 1280 3654 per

263 3671 367 3734 scelus
391 3669 497 3735 fratris
518 3671 735 3761 Pygmalionis
751 3671 836 3758 regis
856 3671 981 3752 occiso,
998 3667 1126 3758 aufugit
1141 3667 1176 3731 in
1193 3667 1280 3732 Afri·

263 3796 351 3855 cam,
372 3775 431 3838 ubi
451 3773 565 3840 condit
581 3775 811 3865 Carthaginem
828 3773 934 3860 (Ante
961 3778 998 3836 A.
1021 3771 1063 3834 U.
1090 3769 1170 3858 72),
1186 3787 1220 3835 et
1239 3793 1282 3835 ne

263 3877 408 3957 Hiarbae,
424 3877 665 3946 Manitanorum
681 3879 752 3969 regi
773 3876 901 3942 nubere
917 3889 1067 3964 cogatur,
1090 3873 1158 3962 ipsa
1174 3895 1207 3937 se
1224 3895 1282 3937 oc·

265 3976 356 4043 cidit.
1020 4014 1023 4020 ,

221 4083 298 4147 Car.
316 4082 388 4150 Vll.
405 4081 515 4149 Motus
538 4083 740 4174 Carthaginis
762 4081 893 4166 civiles,
916 4077 1003 4146 bella
1024 4080 1060 4144 in
1081 4079 1190 4145 Sicilia
1204 4102 1283 4169 pro·
