2967 4684
501 364 795 440 BEN'EVOLO·
1118 366 1184 437 'rx'

126 554 144 593 «
167 518 405 620 immemor,
424 512 476 617 ad
492 514 1000 599 illustrandamhistoriam
1013 518 1179 600 nonnisi

20 682 27 713 ··
127 690 147 730 a
169 682 214 735 ea
234 650 394 758 addidi,
420 682 511 765 quae
529 654 626 738 huic
645 655 801 738 rationi}
824 654 1113 758 convenirent,
1136 652 1189 737 id'

128 827 147 866 a
170 810 250 895 est,
281 820 371 902 quae
404 822 489 875 non
524 796 662 879 minus
693 795 871 880 breviter
903 824 1022 898 eam,
1055 822 1180 905 quam

128 965 147 1003 u
170 930 341 1043 scriptor
374 930 551 1021 breviter
574 926 741 1047 'attigit,
778 962 873 1015 rem
906 930 1182 1035 illustrarent,

128 1104 145 1145 a
168 1097 299 1181 neque
312 1100 360 1153 ex
378 1070 540 1157 Justiuo
555 1072 740 1185 Trogum
755 1071 1018 1183 refingerent,
1033 1068 1104 1153 sed
1122 1089 1182 1173 te,

19 1304 22 1311 Δ
128 1245 147 1285 a
169 1210 376 1295 carissime
392 1212 560 1319 Lector,
581 1214 622 1295 in
642 1212 669 1297 J
671 1214 804 1297 ustino
825 1210 1012 1295 celeriter
1025 1208 1203 1323 perlus-¹

128 1383 147 1421 a
169 1345 313 1429 trando
331 1348 545 1457 ducerent,
564 1352 761 1465 pluraque
782 1346 1051 1461 cognoscendi
1072 1349 1185 1460 cupi-

129 1519 147 1559 «
169 1482 275 1565 dum
293 1485 345 1569 ad
361 1486 495 1585 ¹fontes
504 1551 516 1593 ,
536 1486 643 1571 unde
663 1490 825 1571 haurire
843 1489 974 1602 possis
992 1487 1186 1596 sitimque

129 1658 148 1697 «
172 1625 438 1737 restinguere,
458 1627 701 1740 ablegarent.

184 1798 203 1839 «
226 1762 361 1877 Atque
379 1767 475 1849 huic
497 1766 631 1849 eidem
651 1764 847 1851 brevitati.
864 1764 907 1843 in
933 1763 1041 1845 notis
1052 1762 1188 1844 textui

101 1950 105 1957 ·
129 1938 148 1977 a
171 1900 381 1989 substratis
401 1904 587 2011 studens,
607 1903 795 1989 Iudicem
812 1903 1114 1987 historicum...
1135 1900 1188 1983 ab

128 2074 148 2116 a
170 2037 312 2127 Indice
327 2043 755 2159 latinitatisseparavi,
769 2042 1080 2155 diligentissime
1096 2071 1189 2126 eon-

130 2214 148 2253 «
172 2200 351 2290 gestum,
377 2182 551 2296 indeque
575 2162 694 2296 longe
722 2182 984 2267 Fischeriano
1004 2179 1190 2292 locuple-

130 2353 149 2393 «
172 2319 342 2423 t‘iore'm,
362 2323 560 2433 longeque
578 2322 879 2403 adcuratiorem
900 2316 1099 2398 addidi...
1118 2350 1139 2389 »

186 2492 205 2532 a
231 2455 356 2564 Quod
375 2457 487 2541 idem
508 2458 683 2573 spectavi
706 2458 748 2537 in
764 2454 934 2538 Tabulis
953 2451 1191 2538 Chronolo-

11 2598 13 2605 '
130 2596 271 2707 agicis
284 2660 297 2703 ,
327 2628 427 2710 quas
458 2596 703 2713 ipsedenuo
732 2595 1000 2699 concinnari,
1033 2622 1189 2705 quum,

130 2770 149 2815 a
171 2766 270 2847 quas
288 2736 532 2850 Bongarsius
550 2733 664 2819 dedit
682 2732 977 2848 Excerptiones
996 2728 1190 2814 Chrono-

129 2910 148 2951 «
171 2873 320 2988 logicas
348 2875 401 2959 ad
419 2876 568 2961 Justini
592 2874 806 2959 historiam
833 2866 1190 2973 accommodatas,
1303 2930 1306 2940 .

131 3048 150 3087 «
174 3010 254 3094 illae
273 3044 421 3126 parum
441 3034 544 3128 aptae
563 3012 671 3094 mihi
691 3007 938 3095 viderentur.
963 3040 983 3091 o

183 3148 305 3232 Nunc
319 3180 445 3262 quam
459 3150 709 3266 peculiarem
720 3144 1097 3231 huicWetzelianae
1111 3142 1193 3227 edi·

127 3287 231 3370 tioni
241 3316 409 3401 operam
419 3317 493 3372 nos
502 3284 940 3400 adjecerimus,paucis
950 3281 1189 3368 dicendum.

184 3424 361 3510 Textum
381 3429 567 3541 primum
576 3490 589 3535 ,
606 3427 772 3539 qualem
785 3424 1187 3528 emendatissimum,

129 3580 249 3672 atque
280 3592 327 3644 ex
358 3560 525 3649 Graevio
541 3634 544 3639 ,
559 3561 749 3645 relictum
783 3558 970 3642 ediderat
998 3555 1192 3665 Wetrel,

129 3717 263 3783 totum
278 3704 530 3815 accepimus3
543 3703 644 3806 nisi,
659 3718 815 3782 mutata
828 3700 974 3814 saepius
989 3698 1194 3812 interpun-

130 3836 251 3950 gendi
265 3842 438 3948 ratione,
452 3861 546 3956 post
557 3839 721 3925 collatas
732 3856 970 3922 nostrorum
985 3830 1191 3921 Codicum

130 3976 336 4063 lectiones.

188 4112 495 4205 Commentaria
525 4122 672 4227 etiam,
699 4100 839 4232 qualia.
858 4117 995 4204 textui
1011 4115 1192 4202 substra-
