2967 4684
247 329 320 422 456
631 375 633 382 ,
673 333 884 404 JUSTINI

249 567 295 588 w·
757 545 1311 588 mmmmm-mmmm

476 706 712 850 nom
752 747 1080 852 xxxvii.

224 1217 233 1252 t
248 1193 275 1259 Ι.
297 1157 430 1260 Cipio
449 1188 675 1277 Aristonico,
691 1185 930 1260 Massilienses
946 1211 1013 1287 pro
1032 1182 1311 1258 Phocaeensibus

251 1299 503 1386 conditoribus
530 1301 621 1388 suis,
638 1325 797 1398 quorum
820 1297 949 1370 urbem
973 1312 1118 1390 senatus
1141 1312 1179 1370 et
1201 1320 1311 1368 omne

251 1435 402 1500 nomen,
414 1409 513 1508 quod
530 1425 566 1482 et
585 1425 691 1500 tunc,
703 1425 738 1482 et
750 1425 855 1482 antea
871 1409 1041 1482 Antiochi
1054 1408 1171 1498 bello,
1182 1406 1311 1479 infesta

250 1538 380 1596 contra
394 1520 571 1622 populum
589 1527 796 1594 Romanum
811 1545 912 1592 arma
925 1520 1100 1608 tulerant,
1113 1517 1226 1590 deleri
1238 1519 1311 1614 jus·

250 1647 362 1720 serat,
376 1630 510 1729 legatos
524 1637 676 1702 Romam
690 1631 923 1732 deprecatum
934 1633 1084 1722 misere,
1096 1631 1312 1728 veniamque

222 1771 237 1804 ι
250 1742 307 1814 his
321 1767 342 1812 a
355 1757 482 1814 senatu
496 1739 698 1816 obtinuere.
708 1747 794 1814 Post
805 1741 883 1814 haec
896 1740 1058 1841 regibus,
1070 1741 1132 1840 qui
1144 1739 1313 1813 adversus

250 1852 496 1924 Aristonicum
514 1853 642 1926 auxilia
660 1854 837 1944 tulerant,
854 1856 1000 1954 praemia
1019 1853 1228 1954 persoluta:
1246 1854 1313 1923 Mi·

248 1961 397 2036 thridati
416 1967 569 2036 Pontico
582 1965 736 2065 Phrygia
753 1967 887 2064 major3
900 1963 984 2038 filiis
997 1963 1210 2053 Ariarathis,
1221 1967 1314 2062 regis

250 2073 503 2173 Cappadociae,
521 2077 583 2175 qui
601 2075 729 2150 eodem
745 2076 842 2150 bello
860 2073 1062 2167 occiderat,
1077 2076 1261 2174 Lycaonia
1278 2088 1315 2146 et

222 2185 371 2258 3Cilicia
396 2186 504 2278 datae3
528 2186 743 2288 fideliorque
770 2191 928 2289 populus
952 2194 1139 2262 Romanus
1161 2190 1201 2258 in
1227 2187 1314 2258 socii

250 2293 363 2386 filios,
386 2323 495 2400 quam
513 2315 627 2372 mater
643 2303 682 2373 in
701 2299 837 2374 liberos
854 2300 922 2374 luit
943 2330 952 2372 ε
974 2302 1109 2402 quippe
1126 2297 1216 2370 hinc
1233 2322 1314 2396 par·

221 2425 238 2482 t
250 2405 342 2479 vulis
355 2425 502 2482 auctum
515 2435 686 2509 regnum,
699 2413 786 2485 inde
797 2416 868 2485 vita
880 2413 1032 2486 ademta.
1044 2415 1211 2510 Namque
1225 2413 1314 2480 Lao·

237 2517 331 2614 dice
353 2544 397 2591 ex
421 2545 574 2594 numero
599 2549 661 2596 sex
689 2522 867 2614 filiorum,
888 2549 981 2622 quus
1005 2521 1115 2593 virilis
1141 2545 1246 2592 sexus
1270 2542 1314 2589 er

251 2629 439 2705 Ariarathe
464 2658 548 2731 rege
572 2649 799 2734 susceperat,
822 2637 971 2723 timens,
995 2659 1043 2704 ne
1070 2657 1148 2704 non
1175 2630 1315 2702 diutina

251 2743 355 2836 regni
375 2742 703 2834 administratione,
724 2744 855 2818 adultis
870 2744 1108 2843 quibusdam,
1126 2743 1316 2842 potiretur,

222 2871 237 2922 5
253 2852 415 2947 quinque
428 2853 644 2949 parricidiali
656 2879 802 2930 veneno
816 2857 979 2926 necavit:
993 2878 1111 2927 unum
1124 2851 1313 2952 parvulum

251 2958 376 3028 sceleri
395 2965 519 3034 matris
542 2979 781 3061 cognatorum
805 2964 969 3038 custodia
985 2966 1137 3064 eripuit3
1152 2965 1216 3061 qui
1233 2976 1316 3060 post

252 3089 380 3138 necem
400 3070 573 3144 Laodices
594 3074 697 3170 (nam
709 3082 866 3174 'propter
884 3076 1132 3151 crudelitatem
1151 3100 1232 3146 eam
1249 3098 1315 3172 po·

221 3203 239 3255 6
252 3179 359 3280 pulus
371 3186 611 3283 exstinxerat)
624 3186 721 3258 solus
734 3212 850 3286 regno
862 3191 998 3288 potitus
1012 3201 1074 3259 est.
1089 3184 1315 3258 Mithridates

287 3342 311 3396 l.
327 3362 349 3396 ι.
364 3345 554 3400 Massilienses...
567 3351 625 3400 suis.
638 3347 709 3402 Vide
721 3350 763 3403 in·
841 3372 865 3404 ι.
880 3352 987 3423 Phrygiis
1006 3353 1091 3421 major.
1113 3349 1176 3402 Non
1195 3347 1249 3400 hoc
1268 3345 1316 3399 de·

251 3422 291 3476 fra
301 3421 409 3488 XLlll,
427 3423 456 3489 3,
474 3430 499 3488 4.
513 3424 611 3498 Scripsi
622 3439 709 3480 autem
719 3429 764 3482 hic
804 3447 877 3482 mum
891 3449 933 3482 an.
948 3434 1000 3491 dal
1010 3429 1073 3481 huic
1084 3427 1195 3491 donata,
1206 3424 1253 3478 sed
1261 3426 1316 3497 jem

251 3512 282 3554 ut
292 3500 346 3554 illic
357 3520 419 3555 cum
429 3503 513 3557 Gron.
523 3521 573 3556 avo
581 3505 764 3558 Plocoeemt'bus
804 3526 846 3560 an.
862 3508 922 3577 597.
931 3507 1008 3560 cont
1021 3503 1193 3568 xxxvnl,
1207 3504 1237 3567 5,
1247 3504 1272 3557 3.
1282 3531 1317 3543 -

251 3597 302 3649 pm
319 3581 496 3646 Placemibus,
521 3583 567 3652 qui
589 3597 651 3636 sunt
670 3585 764 3638 iucolae
804 3586 947 3637 Ariamtlis.
960 3583 1078 3648 XXXV,
1090 3582 1244 3635 1.-A.U.
1254 3581 1315 3634 623.

250 3657 389 3726 Phocidis,
402 3680 461 3734 quta
470 3673 509 3714 est
518 3663 623 3714 Bootiae
635 3663 720 3716 vicina
734 3664 763 3716 in
839 3665 864 3717 3.
871 3669 942 3716 Hinc.
952 3661 1118 3726 ARomanis3
1127 3659 1191 3724 tuda,
1203 3671 1316 3712 amane.

252 3735 371 3802 Gracia,
397 3757 479 3810 quum
503 3739 671 3793 Phocaee'nsea
698 3739 763 3794 dicti
840 3759 865 3807 4.
890 3745 989 3794 viatim
1011 3743 1081 3812 mgni
1102 3739 1316 3790 ministratione.

251 3813 303 3866 sint
317 3833 331 3866 a
345 3817 470 3884 Phocus,
489 3817 553 3870 aue
570 3817 679 3871 minoris
697 3820 763 3872 urbe
802 3820 888 3872 Atlas,
901 3837 953 3891 pro
969 3837 1054 3872 accus.
1068 3817 1156 3888 recepi
1174 3835 1208 3868 ex
1226 3813 1318 3880 Meu,

251 3891 279 3942 in
295 3891 378 3945 lunia.
394 3925 428 3938 -·
440 3897 554 3948 Antiochi
567 3895 637 3948 betto.
653 3897 692 3954 De
708 3916 763 3969 quo
803 3899 888 3961 Ver„
907 3896 980 3961 cot,
996 3893 1077 3961 ald,
1093 3895 1168 3961 Pam,
1184 3895 1270 3964 Βοῦς.
1290 3903 1318 3946 et

251 3971 550 4041 supraxxtt1‚3-8.-
560 3975 680 4027 ratmot.
686 3975 763 4028 Unus
803 3975 903 4047 aliquot
916 3973 1060 4027 codicibus.

251 4046 312 4100 cod.
335 4061 481 4113 caruerunt,
504 4064 534 4103 ut
555 4051 604 4117 11,
627 4061 657 4119 A,
679 4059 704 4117 4.
727 4085 762 4096 -
837 4049 1318 4124 6.Al'ttdrtilatesquoque.lliettttssm

251 4131 330 4180 Anno
343 4127 424 4180 Urbis
436 4125 549 4181 condita
559 4132 621 4193 624.
800 4141 880 4202 getes,
894 4130 980 4185 Strab.
993 4127 1029 4182 Χ.
1043 4145 1089 4182 an.
1126 4142 1135 4156 ¹
