2967 4684
382 336 761 434 msiomaamu
786 354 945 431 mnes
969 361 1018 430 11.
1164 360 1227 431 131

170 478 388 584 loquacitate
401 484 593 555 hominum
607 481 859 581 proderetur.»
872 479 940 553 Sed
955 479 1029 551 dux
1040 478 1234 553 Athenien·
1249 498 1281 553 ro

171 598 264 669 sium
280 594 470 681 Aristides,
481 592 566 663 belli
580 594 716 680 socius,
728 590 871 689 college
886 589 1078 669 oorratihu's
1089 590 1235 662 obviam

173 705 317 791 eundo,
338 702 445 776 simul
465 718 503 774 et
524 703 563 773 in
585 726 663 773 rem
685 703 866 798 sapienter
888 701 1134 788 consulend0,
1154 726 1236 799 pro·

175 816 323 889 ditionis
341 812 492 885 consilia
512 811 689 886 discussit
710 811 922 896 Neemulto
943 824 1025 910 post
1050 828 1236 884 accusatus

175 928 380 1012 Pausanias,
389 924 592 997 damnatur.
603 925 717 1020 Igitur
731 926 884 1010 Xerxes,
896 946 1009 1020 quum
1022 922 1238 1021 proditionis
1253 958 1284 1014 ¹7

178 1035 303 1107 dolum
316 1034 540 1133 publicatum
551 1032 704 1125 videret,
713 1058 758 1103 ex
769 1034 910 1130 integro
924 1033 1058 1107 bellum
1073 1035 1238 1105 instituit.

176 1148 293 1219 Graeci
323 1170 472 1244 quoque
499 1144 631 1216 ducem
660 1146 888 1216 constituunt
914 1146 1105 1217 Cimonem
1133 1144 1241 1215 Athe·
1256 1161 1288 1215 rs

178 1259 363 1343 triensem,
380 1253 496 1329 filium
518 1252 708 1341 Miltiadis,
725 1278 800 1351 quo
823 1252 916 1327 duce
938 1252 1034 1352 apud
1060 1254 1242 1327 Maratho-

178 1393 264 1442 nem
290 1364 500 1469 pugnatun
515 1381 591 1453 est,
611 1367 804 1463 juvenem,
828 1365 929 1461 cujus
955 1365 1244 1463 magnitudinem
1367 1428 1372 1438 .

180 1474 339 1548 suturam
358 1479 499 1577 pietatis
519 1477 740 1549 documenta
759 1474 1009 1575 prodiderunt.
1023 1477 1167 1573 Quippe
1186 1500 1292 1573 pet-19

181 1602 273 1663 trem
295 1588 346 1661 ob
368 1592 508 1661 crimen
533 1588 720 1690 peculatus
741 1588 782 1657 in
809 1610 991 1659 carcerem
1019 1588 1247 1683 conjectum,

183 1696 306 1797 ibique
321 1697 554 1785 defunctum,
568 1696 748 1771 translatis
766 1700 805 1767 in
823 1722 860 1769 se
879 1696 1054 1784 vinculis,
1069 1696 1113 1769 ad
1132 1696 1246 1795 sepul·

183 1822 299 1881 turam
325 1808 490 1881 redemit
514 1812 591 1881 Nee
616 1811 656 1879 in
684 1808 782 1883 bello
808 1808 983 1907 judicium
1013 1808 1249 1907 deligentium
1262 1845 1296 1879 ιο

184 1916 329 2023 lesellit:
344 1918 526 2019 siquidem
544 1944 623 1992 non
639 1918 790 1993 inferior
805 1920 998 1997 virtutibus
1016 1925 1145 2019 patris,
1159 1922 1250 1993 Xer·

184 2052 266 2104 xem
294 2033 455 2103 terrestri
486 2030 675 2127 navalique
696 2028 794 2103 bello
817 2044 1047 2129 superatum,
1069 2030 1251 2129 trepidum

185 2142 352 2241 recipere
364 2165 404 2213 se
421 2141 461 2210 in
477 2163 630 2238 regnum
651 2141 778 2237 coegit.

226 2313 267 2364 ιθ.
283 2316 371 2365 Socim.
385 2312 477 2372 Plures
495 2310 557 2367 edd.
576 2325 603 2365 et
619 2310 698 2365 codd.
741 2315 844 2377 tio-tiu
865 2312 926 2365 coll.
951 2310 1058 2364 Comel.
1081 2310 1108 2363 in
1123 2310 1191 2366 Cim.
1216 2330 1252 2378 a,

188 2389 291 2444 addunt
299 2392 393 2443 meu.
402 2422 435 2431 -
445 2398 475 2445 lu
484 2412 533 2445 run
544 2388 699 2448 mandendo.
723 2384 725 2388 ’
743 2392 804 2455 ad,
819 2392 908 2461 ibique
921 2409 935 2443 a
946 2408 989 2443 me
1001 2387 1117 2454 laudam
1129 2392 1252 2463 Thseyd.

188 2469 241 2524 Adi
254 2468 311 2519 iud.
327 2467 355 2520 in
367 2470 495 2525 mutere.
742 2468 771 2533 I,
785 2488 847 2534 1003
859 2470 927 2521 Plot.
939 2470 967 2521 in
977 2468 1046 2520 Cim.
1057 2484 1114 2539 esp.
1127 2468 1256 2539 ra,apud

227 2566 268 2618 17.
280 2549 392 2599 meare.
404 2548 491 2601 Graes.
501 2565 532 2601 ex
546 2545 593 2613 ll,
609 2565 656 2612 ro,
671 2564 700 2600 ta
733 2547 936 2619 'Eurymedontm
952 2546 1113 2617 Pamphyliae
1128 2547 1255 2613 fluvium,

189 2627 290 2689 urolt
311 2628 413 2677 inandt.
434 2625 506 2679 lund
526 2640 613 2690 certe,
628 2623 703 2697 quod
725 2668 729 2675 .
743 2628 789 2679 uhi
801 2624 936 2679 Phanium
948 2638 974 2677 et
986 2625 1099 2697 Cyprios
1110 2644 1161 2697 pro
1172 2626 1257 2679 Persis

190 2718 228 2758 est
237 2704 383 2775 ratingen,
392 2705 444 2757 lroo
453 2706 513 2759 loeo
522 2706 703 2785 eatineptumt
744 2716 893 2780 pugnantes
910 2704 988 2781 vicit,
1001 2722 1055 2757 non
1069 2716 1156 2758 autem
1170 2706 1257 2777 ipsum

190 2802 239 2837 nec
251 2782 357 2847 melius,
368 2780 442 2853 quod
455 2796 494 2836 est
510 2784 538 2837 in
553 2783 614 2838 cod.
631 2780 703 2839 Bod-
743 2802 835 2855 regem
852 2780 1006 2849 Persarum,
1020 2783 1067 2854 qui
1085 2788 1178 2849 Xerxes
1191 2778 1256 2849 fuit,

190 2861 290 2928 tatano,
301 2864 410 2914 restituit.
746 2862 767 2913 si
786 2860 858 2914 hune
878 2879 948 2915 anno
967 2858 1074 2913 demum
1087 2860 1167 2914 Urbis
1189 2864 1256 2929 ¹89,

228 2943 270 2994 rt.
283 2948 420 3010 Pugnatum
432 2952 476 2993 ut.
489 2940 555 3013 Cap.
567 2958 598 3009 9,
610 2956 687 3009 9-10·
747 2940 847 3012 olymp.
859 2941 908 3011 78,
919 2947 943 3004 4,
954 2940 1084 2993 interiisse
1095 2940 1185 2995 statuis
1196 2960 1258 2995 cum

204 3037 270 3087 -19.
298 3022 389 3090 Quippe
416 3029 510 3091 patrem
541 3031 591 3070 etc.
625 3016 704 3071 cont.
748 3016 1257 3093 Diodor.Xl,69;Artaaeeraesautem,

191 3095 300 3149 comet.
315 3096 343 3157 l,
357 3114 389 3167 7,
401 3096 431 3160 5,
446 3108 472 3148 et
485 3094 521 3161 V,
538 3116 566 3163 r,
583 3114 611 3151 r.
748 3096 769 3149 si
779 3096 903 3172 eumaliis
914 3095 1002 3169 idjam
1014 3116 1058 3169 en.
1073 3094 1258 3153 assoae'eidlm

197 3210 200 3217 ·
230 3168 705 3246 20.10rmsupmtl)iodor.x1,
747 3173 848 3231 statuit.
863 3174 1065 3237 dull-484.
