2967 4684
224 366 270 436 92
647 340 857 411 IUSTINI

197 494 210 528 1
271 466 364 535 VIII.
382 468 513 559 Cyrus,
534 462 680 534 subacta
702 465 802 552 Asia,
823 477 860 535 et
880 467 1052 537 universo
1074 465 1224 537 Oriente
1243 468 1283 536 in

196 604 212 640 ι
224 588 437 676 potestatem
463 572 631 662 redacto,
654 572 796 671 Scythis
820 573 956 647 bellum
983 572 1104 646 insert.
1129 580 1213 647 Erat
1238 600 1286 647 eo

223 701 386 786 tempore
400 684 615 780 Scytharum
630 687 756 783 regina
772 688 953 782 Tomyris,
966 712 1045 785 quae
1063 712 1142 758 non
1159 685 1284 757 mulie-

224 795 337 868 briter
355 793 512 866 adventu
535 794 695 866 hostium
717 798 857 885 territa,
875 820 989 893 quum
1008 795 1203 897 prohibere
1222 820 1285 893 cos

222 909 377 978 transitu
399 908 523 978 Araxis
543 904 704 977 fluminis
725 922 868 1006 posset,
884 912 1036 979 transhe
1054 910 1233 1008 permisit,
1250 922 1286 979 et

224 1016 292 1087 sibi
309 1014 505 1088 faciliorem
522 1041 683 1116 pugnam
697 1020 793 1089 intra
808 1022 911 1117 regni
929 1022 984 1090 sui
1000 1023 1175 1091 terminos
1190 1034 1286 1108 rata,

195 1141 260 1197 set
276 1125 442 1199 hostibus
460 1127 606 1224 objectu
622 1125 783 1199 fluminis
802 1126 921 1226 bigam
944 1126 1193 1200 difficiliorem.
1213 1135 1285 1199 Ita·

223 1262 295 1335 que
303 1244 435 1336 Cyrus,
445 1242 600 1337 trajectis
609 1241 740 1340 copiis,
751 1264 864 1337 quum
876 1239 1133 1339 aliquantisper
1146 1242 1185 1309 in
1199 1242 1284 1333 Scy·

195 1346 336 1419 tthiam
359 1354 608 1450 processisset,
629 1364 745 1421 castra
768 1365 921 1423 metatus
943 1366 1005 1423 est.
1025 1354 1119 1421 Dein
1141 1362 1285 1449 postera

224 1455 297 1546 die,
307 1483 421 1556 quum
430 1459 596 1532 simulato
607 1474 722 1549 metu,
736 1463 837 1558 quasi
848 1458 1049 1559 refugiens,
1060 1474 1175 1532 castra
1185 1457 1286 1530 dese·

223 1571 371 1659 ruisset,
389 1574 464 1642 vini
487 1569 651 1659 adfatim,
669 1585 707 1641 et
722 1596 784 1660 ea,
808 1596 886 1669 quae
907 1571 1021 1671 epulis
1039 1584 1143 1642 erant
1162 1592 1286 1641 neces·

196 1683 332 1767 sseria,
348 1680 503 1778 reliquit.
521 1679 630 1771 Quod
650 1706 763 1778 quum
786 1686 994 1753 nuntIatum
1016 1683 1150 1779 reginae
1174 1693 1287 1768 esset,

224 1786 531 1862 adolescentulum
563 1788 680 1861 filium
711 1789 757 1861 ad
791 1790 1058 1889 insequendum
1091 1815 1176 1862 eum
1205 1787 1323 1861 cum'

196 1901 329 1969 ⁶tertia
353 1914 454 1998 parte
477 1902 663 2000 copiarum
683 1903 802 1973 mittit.
824 1907 944 1994 Quum
965 1918 1117 1975 ventum
1138 1900 1184 1972 ad
1203 1904 1289 1997 Cyri

225 2024 339 2081 castra
355 2025 463 2100 esset,
474 2013 619 2109 ignarus
632 2014 685 2083 rei
698 2012 860 2084 militaris
874 2012 1102 2101 adolescens,
1116 2010 1226 2083 veluti
1242 2009 1289 2081 ad

224 2120 367 2220 epulas,
389 2148 466 2193 non
489 2121 536 2193 ad
558 2118 718 2221 praelium
742 2126 917 2213 venisset,
941 2126 1083 2197 omissis
1104 2120 1288 2209 hostibus,

197 2233 386 2307 rinsuetos
406 2231 581 2304 barbaros
601 2235 688 2305 vino
709 2258 748 2305 se
773 2260 925 2307 onerare
943 2238 1099 2336 patitur:
1117 2236 1288 2333 priusque

197 2356 214 2405 ⁸
227 2341 366 2438 Scythae
379 2341 567 2428 ebrietate,
578 2368 685 2441 quam
698 2342 795 2417 bello
808 2349 1015 2419 vincuntur.
1028 2349 1119 2417 Nam
1136 2345 1290 2441 cognitis

227 2451 302 2543 his,
327 2458 443 2550 Cyrus
466 2480 630 2528 reversus
654 2480 719 2556 per
745 2472 911 2546 noctem,
933 2479 1077 2529 securos
1099 2455 1289 2554 opprimit,

198 2588 427 2660 somnesque
445 2565 594 2660 Scythas
611 2590 694 2636 cum
710 2571 843 2663 regium
859 2566 936 2637 filio
954 2564 1134 2637 interficit.
1151 2564 1288 2635 Amisso

226 2685 329 2741 tanto
353 2676 528 2761 exercitu,
549 2688 601 2759 et,
627 2673 728 2769 quod
751 2677 892 2770 gravius
916 2674 1033 2761 dolet,
1055 2675 1166 2742 unico
1192 2669 1288 2760 filio,

225 2783 390 2874 Tomyris
409 2780 572 2851 orbitatis
591 2780 755 2852 dolorem
775 2808 851 2853 non
876 2785 916 2852 in
942 2782 1117 2877 lacrymas
1140 2778 1289 2871 offudit,

240 2954 718 3009 &sphermjmuunutotousmum
780 2954 868 3007 Asiam
899 2955 1030 3009 minorem
1067 2952 1291 3026 complectebatur

427 3026 689 3077 AEnetr.,vtt,³16.m.
781 3032 925 3102 (Herodotn
944 3034 974 3099 Ι,
990 3035 1054 3102 28„
1069 3032 1195 3085 Medorum
1207 3050 1290 3103 pom

228 3142 263 3153 -
275 3115 408 3163 Praemium.
422 3111 474 3165 Aut
486 3112 575 3183 potius
580 3115 696 3183 pretium,
708 3124 739 3164 ut
780 3124 806 3164 et
823 3110 1010 3183 Babyloniorum
1028 3116 1102 3183 (cap.
1116 3115 1148 3177 6,
1165 3112 1214 3175 1⁵;
1232 3130 1290 3183 cap.

228 3208 330 3244 cortex.
344 3191 463 3247 Gronov.
478 3208 551 3243 arus.
565 3188 655 3242 Cndes
668 3190 739 3242 enim
780 3206 813 3258 7,
828 3190 868 3259 3).
883 3220 917 3231 -
931 3190 1031 3261 Scythis.
1047 3189 1211 3261 Massagetis,
1225 3190 1290 3261 Scy·

229 3289 284 3323 non
298 3270 436 3342 premium
448 3268 600 3341 nuptiarum
615 3270 679 3335 suit,
692 3268 739 3322 sed
780 3268 856 3320 thicae
870 3267 958 3339 genti,
969 3266 1096 3321 Herodot.
1109 3267 1137 3331 1,
1151 3271 1278 3319 sot-216.

229 3350 328 3420 nuptias
338 3348 476 3421 praemium
492 3347 578 3401 caedis.
593 3347 683 3402 Caedes
692 3368 739 3402 au·
816 3350 841 3400 6.
855 3354 963 3399 Insuetos
977 3346 1090 3397 barbaros
1102 3355 1146 3397 etc.
1165 3344 1292 3397 Barbaros

230 3440 284 3480 tem
303 3440 374 3481 reete
388 3426 485 3481 dicitur
501 3428 616 3499 pretium
634 3430 739 3499 nuptia·
781 3424 845 3477 rino
860 3424 991 3489 insuetos,
1004 3425 1067 3477 vino
1085 3440 1140 3475 non
1153 3419 1291 3485 adsuetos,
1365 3422 1371 3431 '

230 3525 304 3570 rum,
313 3507 368 3559 sire
376 3504 417 3571 id,
428 3524 482 3578 quo
491 3505 634 3576 emitquasi
643 3518 740 3567 etcon·
781 3502 881 3573 patitur
894 3521 922 3555 se
935 3520 1043 3555 onerare
1054 3500 1127 3554 vino.

232 3596 357 3653 sequutus
366 3598 405 3637 est
416 3584 520 3655 nuptias
529 3584 627 3653 reginas
640 3584 739 3656 Gyges.
817 3581 842 3632 8.
853 3585 958 3631 Securos.
968 3581 1006 3631 Ita
1014 3596 1099 3651 recep.
1110 3596 1143 3631 ex
1150 3576 1211 3631 edd.
1218 3576 1289 3643 Ald,

232 3661 294 3725 Quo
308 3662 402 3715 eodem
415 3660 496 3715 modo
508 3660 580 3732 apud
593 3661 663 3713 Flor.
680 3660 740 3726 lli,
783 3658 876 3711 Colon.
891 3676 941 3729 pro
951 3661 1044 3709 soricius
1056 3658 1160 3729 inepto,
1174 3676 1224 3728 pro
1236 3676 1305 3728 quo.

236 3758 261 3802 1,
274 3738 602 3810 16,Bocchus,Jngurthoe
610 3737 742 3810 proditor,
784 3737 902 3790 Freinsh.
920 3749 994 3789 acute
1013 3736 1168 3806 conjiciebat
1182 3738 1290 3805 sopitos:

233 3814 307 3868 hunc
319 3817 381 3869 facit
397 3817 512 3890 pretium
523 3814 640 3880 foderis,
657 3815 687 3867 id
703 3829 742 3869 est
783 3833 940 3887 quemquam
951 3825 978 3865 et
986 3814 1053 3866 inim
1063 3812 1168 3877 XXIV,
1180 3815 1210 3877 8,
1226 3830 1236 3865 1
1252 3825 1292 3865 est

234 3892 742 3965 hujustraditionesibiconciliatl'oeslus.
784 3913 848 3945 mero
861 3896 964 3945 saucius.

235 4002 270 4015 ·-
283 3973 361 4024 Anno
370 3974 450 4026 Urbis
463 3974 548 4045 37-75.
821 3990 845 4040 9.
869 3972 1007 4023 Dolorem...
1026 3967 1122 4035 effudit.
1148 3968 1290 4033 Dolorem,

271 4050 354 4102 v111.
378 4068 402 4103 r.
420 4050 522 4103 &ductu
538 4054 606 4104 Arm.
628 4051 743 4105 Subscto
785 4068 864 4121 quem
886 4068 939 4101 uno
961 4048 1015 4100 titio
1038 4046 1128 4099 orbata
1149 4047 1290 4109 sentiebat,

237 4148 320 4203 regno
339 4127 475 4201 Lydorum,
494 4129 567 4203 quod
589 4142 670 4186 totam
688 4130 743 4185 iere
785 4147 840 4183 non
863 4126 958 4183 effudit
977 4126 1006 4181 in
1026 4126 1172 4197 lacrymas,
1194 4124 1293 4177 scilicet
