2967 4684
193 424 200 436 ·
232 404 304 490 tet
656 399 868 468 Jusruu

205 527 341 597 tetiam
354 518 401 594 ab
413 545 527 594 uxore
539 519 694 619 filiisque
708 520 894 591 deseritur.
909 517 1066 590 Relictus
1084 519 1193 616 igitur
1209 543 1292 590 cum

233 638 358 736 paucis
374 634 540 723 servulis,
554 657 669 733 quum
681 635 818 727 Tyrum
835 631 1009 729 religione
1029 629 1153 728 templi
1175 653 1213 700 se
1231 629 1296 701 de·

233 748 402 820 sensurus
418 747 585 847 petisset,
603 745 686 815 navi
709 742 914 840 egrediens,
932 738 1091 841 praefecti
1111 741 1213 837 jussu
1237 741 1294 810 in·
1412 825 1418 840 ·

204 857 419 934 sterficitur.
429 856 537 940 ,Alter
558 883 603 928 ex
619 853 702 925 filiis
724 854 909 941 Seleucus,
933 855 1107 951 quoniam
1124 853 1202 924 sine
1219 876 1294 923 ma·

231 971 296 1042 tris
314 968 528 1041 auctoritate
549 964 713 1039 diadema
729 967 931 1055 sumsisset,
950 965 996 1036 ab
1012 964 1136 1035 eadem
1154 961 1295 1034 interfi-

232 1084 326 1155 citur
334 1109 346 1169 ,;
370 1080 479 1169 alter,
501 1079 560 1149 eui
586 1091 736 1176 propter
758 1078 836 1148 nasi
853 1073 1140 1172 magnitudinem
1160 1097 1295 1170 eogno-

230 1215 316 1261 men
340 1193 467 1287 Grypo
487 1185 574 1276 fuit,
594 1212 659 1258 rex
678 1183 828 1258 amatre
846 1185 1022 1257 hactenus
1039 1186 1295 1272 constituitur,

229 1317 271 1372 ut
288 1327 425 1373 nomen
439 1301 533 1398 regis
548 1323 660 1397 penes
675 1297 808 1386 filium,
819 1300 872 1370 vis
885 1313 1004 1370 autem
1018 1299 1136 1368 omnis
1149 1297 1292 1395 imperii

228 1437 343 1512 penes
363 1427 517 1483 matrem
534 1425 638 1482 esset.
1283 1459 1286 1463 -

203 1552 215 1586 ι
277 1528 321 1594 Il.
345 1522 415 1595 Sed
437 1519 655 1608 Alexander,
673 1533 852 1618 occupato
870 1521 980 1616 Syriae
995 1543 1128 1615 regn0,
1147 1533 1293 1588 tumens

228 1659 400 1708 successu
426 1657 570 1720 rerum,
593 1655 766 1730 spernere
792 1631 866 1728 jam
893 1633 1000 1730 etiam
1028 1634 1147 1730 ipsum
1175 1627 1292 1700 Ptole-

226 1770 376 1834 maeum,
393 1769 414 1814 a
434 1768 509 1842 quo
524 1741 642 1813 fuerat
655 1740 876 1814 subornatus
891 1743 929 1812 in
945 1766 1120 1839 regnum,
1135 1736 1291 1838 superba

199 1855 421 1926 ninsolentia
431 1851 1147 1952 eoepitltaquePtolemaeusreconeiliata
1157 1852 1293 1922 sororis

225 1968 355 2066 gratia,
373 1965 559 2042 destruere
579 1961 773 2035 Alexandri
790 1987 965 2060 regnum,
984 1960 1083 2060 quod
1106 1961 1191 2032 odio
1214 1965 1293 2032 De-

225 2078 361 2161 metrii,
375 2075 515 2148 viribus
531 2076 607 2147 suis
625 2073 862 2171 adquisierat,
877 2075 1025 2144 summis
1041 2073 1172 2172 opibus
1188 2073 1292 2144 insti-

196 2203 214 2255 3
227 2189 304 2259 tuit
317 2189 430 2259 Mittit
441 2189 549 2284 igitur
560 2187 722 2284 ingentia
734 2189 862 2285 Grypo
875 2183 1022 2272 atuilia,
1035 2199 1071 2256 et
1084 2181 1193 2254 filiam
1205 2187 1305 2279 Try·¹

226 2298 397 2398 phaenam
419 2303 551 2395 Grypo
564 2299 781 2396 nupturam,
803 2311 844 2369 ut
872 2295 1028 2396 populos
1052 2297 1091 2367 in
1120 2295 1290 2367 auxilium

226 2411 387 2509 nepotis,
400 2433 479 2481 non
495 2411 667 2481 societate
683 2423 828 2481 tantum
846 2406 952 2496 belli,
965 2433 1092 2480 verum
1109 2421 1146 2480 et
1163 2405 1292 2478 adfini-
1331 2447 1336 2456 -

198 2535 299 2599 etate
321 2545 386 2592 sua
403 2521 607 2593 solicitaret.
628 2523 705 2592 Nec
722 2545 782 2591 res
811 2518 944 2591 frustra
964 2519 1052 2609 suit3
1072 2543 1157 2589 nam
1176 2541 1291 2615 quum

228 2655 359 2702 omnes
375 2635 541 2730 Grypum
558 2631 777 2715 instructum
794 2633 935 2731 AEgypti
951 2629 1089 2701 viribus
1108 2627 1292 2716 viderent,

194 2759 213 2840 ,5
228 2739 411 2838 paullatim
427 2739 478 2810 alr
496 2740 703 2811 Alexandro
726 2739 882 2812 deficere
908 2765 1061 2840 coepere.
1083 2743 1138 2812 Fit
1160 2739 1293 2812 deinde

226 2854 436 2947 interreges
445 2849 839 2948 proelium,quovictus
850 2851 1052 2925 Alexander
1064 2851 1291 2924 Antiochiam

228 2959 413 3060 profugit:
428 2959 480 3030 ibi
501 2962 609 3058 inops
628 2964 812 3059 pecuniae,
832 2986 946 3059 quum
970 2961 1151 3061 stipendia¹
1171 2963 1293 3034 militi·

266 3161 292 3213 ἃ
318 3158 472 3228 lutefics'tur.
501 3161 611 3232 Ioseph.
646 3163 737 3233 Antiq.
781 3164 856 3234 eujus
869 3175 964 3228 mater,
976 3164 1101 3216 Demetrii
1113 3181 1195 3228 uxor,
1207 3163 1293 3237 Phys·

226 3237 315 3304 xl11,
330 3257 378 3309 173
396 3252 487 3292 eontra
502 3252 592 3292 autem
603 3241 740 3312 Appianum
782 3242 855 3294 eonis
863 3261 938 3295 soror
946 3254 1001 3294 erat
1009 3255 1036 3295 et
1043 3243 1106 3294 olim
1117 3261 1218 3296 uxore.
1232 3261 1256 3308 r,
1268 3249 1297 3306 4,

226 3317 254 3370 in
266 3318 327 3389 Syr.
337 3317 455 3370 oecirum
466 3337 530 3371 eum
541 3318 620 3371 trisse
631 3320 739 3372 refert-a
818 3321 842 3373 5.
856 3326 929 3392 Inops
935 3325 1056 3393 pecunie,
1070 3334 1119 3373 ete.
1134 3323 1173 3372 De
1183 3322 1294 3374 Alexan·

225 3397 364 3468 Cleopatra
377 3415 471 3450 uxore.
782 3397 823 3452 dri
837 3400 972 3472 sacrilegio
984 3398 1055 3452 coni.
1069 3397 1148 3451 Diod.
1159 3397 1294 3466 XXXIV,

260 3494 285 3545 9.
305 3477 422 3528 Sekusru.
438 3476 564 3542 Quintus.
578 3505 613 3516 -·
627 3479 683 3538 sar.
698 3475 739 3530 lta
781 3476 874 3549 fragm.
892 3499 933 3532 aa.
948 3477 1092 3531 Bechernrs
1106 3489 1194 3530 antem
1206 3476 1293 3545 (Pha-

223 3555 293 3608 herae
306 3555 388 3610 editio
400 3556 524 3620 Iuntina,
535 3554 624 3608 Aldin.
634 3568 739 3609 etunus
779 3555 831 3627 leg.
848 3556 891 3620 ll,
907 3559 956 3626 ιθ)
974 3569 1048 3628 putat
1068 3555 1137 3608 hane
1156 3555 1294 3608 historiam

224 3632 285 3687 eod.
306 3634 515 3706 Bongarsianns,
531 3634 642 3698 melius,
659 3652 739 3705 quem
778 3635 911 3706 pertinere
932 3634 966 3688 ad
990 3633 1167 3688 Alexandrum
1187 3634 1293 3699 Mean,

218 3714 271 3779 jus.
290 3711 360 3766 Illud
373 3713 460 3777 enim,
474 3711 547 3784 quod
558 3714 613 3784 jam
624 3705 738 3765 Bernee·
779 3711 813 3766 de
826 3733 880 3785 quo
893 3732 972 3786 supra
985 3712 1108 3778 XXXV,
1122 3731 1151 3778 r,
1167 3715 1241 3765 6-ιο.
1258 3741 1294 3754 -

223 3807 299 3842 cerus
311 3793 475 3863 conjecerat,
489 3803 515 3844 et
529 3791 648 3844 Graevius
661 3809 737 3842 reee-
778 3797 808 3842 In
819 3792 914 3863 templo.
923 3792 1020 3864 Recepi
1029 3795 1055 3842 ia
1066 3809 1098 3844 ex
1107 3789 1170 3844 edd.
1183 3790 1293 3864 dantiq.

222 3867 736 3944 pit,rptiusopponitnraominirpvaeie‚
778 3883 805 3923 et
817 3872 895 3926 MSS.
917 3874 1002 3944 Bong.
1021 3871 1150 3943 probante
1170 3870 1294 3934 Graio,

223 3945 297 4017 quod
314 3947 423 4018 quidem
442 3957 606 4022 cognonen,
622 3961 653 4001 ut
670 3951 737 4001 alte·
778 3951 824 4022 qui
845 3951 934 4004 laudat
954 3953 1026 4006 Flor.
1047 3949 1106 4014 lll,
1120 3957 1154 4016 4,
1175 3949 1255 4000 bibere
1267 3951 1295 4000 in

222 4040 283 4076 rum
294 4027 442 4096 Eppianis,
453 4027 735 4082 lriedntiochusVIII
777 4029 869 4081 ossibus
888 4035 1007 4103 capitem
1026 4031 1118 4084 Senec.
1137 4031 1293 4101 Agamemn.

225 4104 301 4168 tulit,
313 4123 362 4158 rex
377 4107 504 4172 ‹tm-650.
777 4109 844 4179 878,
860 4129 948 4161 aterum
963 4113 989 4160 in
1004 4129 1066 4160 auro
1082 4109 1190 4171 nudem
1206 4106 1295 4159 Cieer.

259 4181 297 4232 11.
309 4204 333 4237 a.
343 4187 445 4237 sororis.
453 4183 540 4257 Hujus
548 4186 631 4258 ipsius
640 4186 736 4259 Grypi,
777 4187 811 4241 ed
826 4187 881 4241 div.
901 4189 931 4252 1,
949 4191 980 4255 6,
1005 4207 1037 4250 r,
1054 4181 1160 4239 ditarem
1178 4189 1248 4257 capto
1268 4186 1295 4236 in
