2967 4684
540 398 602 463 DE
624 392 842 460 IUSTINO.
1204 396 1224 459 3
1325 438 1328 445 -

163 523 224 587 mis
240 522 412 585 Persarum
428 534 479 579 res
501 528 602 601 gestas
619 508 843 589 obscurando,
861 529 928 573 suu
947 509 1051 644 gentis
1066 533 1117 575 res
1133 512 1225 577 illus·
1293 574 1297 582 ,

163 640 249 688 trare
265 618 461 685 studuerint

102 748 105 755 ’
208 726 313 805 Hujus
329 720 462 810 quidem
484 740 568 809 opus
590 713 673 781 illud
696 714 856 795 uberius,
873 736 893 777 a
913 713 1042 779 Iustino
1062 731 1175 782 nostro
1190 719 1226 782 in

164 829 331 917 epitomen
345 823 530 904 redactum,
543 842 611 885 non
626 818 686 882 diu
697 817 777 881 huic
790 816 942 905 epitomae
954 832 1117 906 superstes
1129 820 1227 885 fuisse

164 928 320 1010 videtur,
349 948 452 1015 quum
477 924 651 989 hominum
676 918 826 985 socordia
855 919 986 985 brevius
1010 921 1129 985 lustini
1153 945 1228 986 cor·

164 1031 340 1120 pusculum
365 1027 491 1093 facilius
510 1026 689 1115 arriperet,
704 1023 828 1103 justum
848 1038 959 1087 autem
984 1023 1086 1113 Trogi
1108 1048 1229 1115 eorpus

165 1135 355 1223 negligeret.
384 1129 484 1214 Quod
508 1128 596 1193 idem
620 1125 782 1215 Polybio,
805 1124 970 1209 Diodoro,
997 1127 1097 1191 Dioni
1121 1129 1229 1193 Cassio

166 1235 322 1301 accidisse
335 1232 495 1299 dolemus.

209 1338 416 1403 Mentionem
429 1352 539 1399 tamen
552 1332 641 1397 illius
652 1331 779 1395 faciunt
790 1330 943 1396 nonnulli
953 1332 1101 1415 Veteres,
1113 1334 1147 1396 in
1160 1333 1228 1397 his:

214 1462 242 1503 ι.
259 1440 460 1521 Priscianus,
475 1435 703 1526 grammaticus
718 1434 830 1499 saeculi
842 1434 886 1501 Vl
902 1435 1013 1517 initio,
1028 1434 1087 1499 lib.
1103 1437 1166 1516 VI,
1189 1459 1229 1500 ex

166 1540 269 1630 Trogi
285 1528 377 1605 libro
399 1541 443 1604 Vl
464 1540 534 1604 baec
554 1538 655 1603 verba
673 1536 869 1627 profereus·
891 1536 974 1601 Inde
992 1537 1116 1625 Scepsio
1130 1542 1229 1627 petit,

166 1666 227 1733 quo
244 1666 275 1707 se
290 1641 415 1707 Medios
422 1639 613 1729 ,ineffecta
629 1662 733 1705 sorore
749 1638 915 1730 (Mania),
931 1642 1113 1706 contulerat.
1130 1641 1173 1723 Is,
1189 1642 1231 1705 ab

166 1743 352 1829 Dercyllida
368 1746 469 1834 petito
495 1743 648 1833 colloqui)
659 1788 670 1825 ,
699 1754 755 1808 etc.
784 1743 880 1809 Conf
903 1744 1019 1809 lustin.
1040 1745 1103 1827 VI,
1124 1768 1165 1828 1,
1188 1768 1231 1826 2,

167 1847 243 1913 coll.
260 1848 345 1913 Xen.
362 1848 447 1913 Hell.
464 1848 533 1929 Ill,
553 1870 590 1930 r,
605 1846 698 1912 8·.ar

213 1950 468 2034 u.Priscianus,
484 1951 542 2015 lib.
559 1895 606 2032 V,
627 1972 668 2015 ex
690 1948 794 2038 Trogi
816 1947 875 2011 lib.
899 1946 1016 2029 XXII,
1035 1947 1133 2013 docet
1152 1970 1233 2028 nos,

167 2052 258 2117 huno
285 2000 480 2119 historicurir
508 1999 663 2118 formitate
687 2051 752 2117 sibi
782 2073 905 2116 nomeu
917 2050 1079 2138 staminea
1106 2054 1234 2141 generis

167 2154 333 2237 feminini,
349 2156 419 2221 huso
435 2157 504 2237 ejus
517 2156 616 2221 verba
630 2154 800 2244 proferens
813 2175 821 2216 ι
834 2153 995 2241 Papirius,
1002 2166 1135 2241 propter
1149 2176 1235 2216 mor·

167 2255 578 2343 temflarnineae,flarnt'nio
596 2257 683 2321 abitt.
700 2255 739 2320 Id
754 2253 846 2343 quod
862 2254 987 2318 Gellius
1005 2256 1055 2335 X,
1073 2254 1111 2318 15
1129 2254 1210 2318 dicit
1225 2276 1234 2316 ε

168 2356 302 2421 Flamen
314 2358 433 2436 Dialis,
446 2380 579 2421 uxorem
589 2361 619 2421 si
630 2360 736 2421 amun
742 2356 924 2442 ,flaminum
940 2354 978 2417 id
988 2367 1048 2433 est,
1061 2356 1235 2419 sacerdotio

168 2476 241 2535 ruo,
258 2452 405 2521 decedit:
421 2453 481 2518 ubi
497 2454 608 2542 paullo
623 2469 698 2543 post
713 2454 748 2516 in
770 2454 845 2516 loeo
861 2450 1005 2537 quodam
1021 2454 1157 2518 Masurii
1178 2455 1236 2518 Sa·

168 2554 258 2637 hini,
270 2578 343 2643 quse
356 2554 421 2621 hoe
437 2554 513 2619 loco
528 2570 577 2619 est
577 2553 738 2641 flammea
743 2600 754 2633 ‚
767 2556 835 2617 sire
845 2553 936 2641 quod
947 2568 996 2618 est
1009 2556 1044 2619 in
1057 2578 1126 2619 uno
1142 2554 1235 2636 cod,

154 2656 322 2744 stamnum,
332 2654 454 2723 dicitur
448 2654 633 2745 shnuirr'ea,
643 2654 679 2719 id
688 2652 897 2737 est,llaminis
905 2678 999 2738 uxor,
1006 2649 1106 2723 sicuti
1112 2657 1236 2723 ibidem

170 2759 282 2848 paullo
298 2776 389 2841 ante,
405 2760 440 2822 in
455 2759 520 2823 alio
535 2758 610 2823 loco
623 2757 718 2821 Fabii
730 2757 887 2840 Pictoris,
892 2756 1049 2845 flaminea
1065 2775 1114 2823 est
1126 2760 1237 2824 donau

157 2860 305 2947 fluminis
317 2885 328 2925 :
340 2860 450 2950 Ignem
461 2885 477 2925 e
474 2859 633 2949 staminia
637 2907 648 2941 ,
660 2862 722 2924 nisi
729 2862 905 2940 r'ris'aerum,
919 2860 1084 2950 fferrijus
1093 2874 1220 2927 nonest.

218 2963 248 3027 3.
268 2964 399 3029 Servius
419 2964 506 3027 circa
522 2966 558 3027 Α.
576 2964 614 3027 C.
630 2965 714 3046 loo,
737 2962 780 3027 ad
792 2962 905 3052 Virgil.
927 2963 1003 3041 AEn.
1018 2964 1086 3047 Ill,
1101 2988 1132 3030 r.
1153 2966 1236 3031 108:

172 3066 220 3129 De
232 3066 417 3156 parentibus
436 3065 547 3130 Tama·
561 3062 725 3155 drgvlz'oiter
742 3066 882 3143 traditur
897 3090 909 3129 .·
924 3067 995 3130 Alii
1010 3064 1140 3150 ent‘rrr...,
1157 3071 1239 3133 enter

172 3188 248 3255 quos
264 3178 295 3229 et
312 3164 434 3257 Trogus
441 3212 451 3245 ,
467 3165 658 3230 Scamandri
653 3162 768 3253 filium
779 3168 923 3250 tramant.
1319 3209 1321 3212 ·

217 3270 251 3345 Α.
268 3265 362 3331 Idem
385 3266 427 3331 ad
447 3266 523 3333 AEn.
544 3268 606 3350 lV,
623 3268 681 3357 37,
698 3270 760 3335 ubi
773 3270 888 3359 Asn‘ca
907 3270 1030 3337 dicitur
1051 3284 1137 3337 terra
1151 3272 1238 3337 dines

173 3370 353 3459 triumplu's,
378 3370 448 3434 hose
473 3369 608 3436 adnotat
633 3392 642 3436 ε
668 3372 790 3437 Plrin'us
814 3372 971 3440 Secundus
995 3371 1075 3439 Hist.
1107 3374 1185 3441 Nat.
1209 3388 1240 3438 et

175 3470 339 3561 Pompeius
364 3472 486 3562 Trogus
513 3474 611 3562 Afros
636 3473 748 3540 darunt
770 3498 923 3565 pompam
951 3476 1101 3564 triumphi
1118 3479 1240 3564 prr'rrror

175 3576 335 3654 invenisse,
359 3598 454 3664 quarn
475 3576 534 3640 sibi
551 3576 689 3641 Romani
702 3589 818 3664 postea
839 3578 1080 3645 vindr'carerunt.
1106 3579 1240 3643 Dixerat

176 3690 288 3741 autem
303 3676 368 3741 hoc
385 3676 560 3767 Pompeius
579 3678 636 3743 lib.
657 3680 749 3745 XIX.
769 3682 854 3759 Num
872 3681 1018 3759 lustinus
1031 3682 1128 3762 XIX,
1145 3704 1178 3763 r,
1200 3706 1240 3770 7,

177 3776 414 3845 Hasdrubalem
432 3798 576 3868 quatuor
589 3782 751 3871 triumplu's
764 3783 925 3872 insignem
938 3784 1097 3847 interiisse
1115 3784 1149 3846 in
1166 3784 1240 3848 Sar·

178 3878 266 3945 dirria
282 3882 389 3947 refert.
840 3875 842 3878 ⁵

225 3979 256 4046 5.
269 3984 394 4050 Plinius
406 3987 439 4049 In
449 3987 716 4053 indiceHistoriae
727 3988 892 4070 Naturalis
904 3987 1021 4077 sepius
1031 3986 1141 4052 laudat
1155 3989 1240 4051 Tro·

180 4108 259 4175 gum
274 4104 461 4173 auctorem,
476 4110 506 4155 r.
525 4113 552 4155 c.
569 4091 627 4156 lib.
643 4092 720 4171 VII,
737 4114 787 4177 nr.
801 4116 839 4179 73
853 4092 931 4156 VIII
948 4106 981 4156 et
992 4092 1057 4175 lx,
1074 4092 1120 4171 X,
1135 4114 1185 4153 nr.
1204 4083 1240 4170 8'3
1333 4104 1337 4112 '
