2967 4684
359 379 740 450 HISTORIARUM
765 381 926 449 LIBER
951 380 1093 449 XXIV.
1183 377 1253 476 373

195 515 400 589 eumentes,
413 502 453 571 iu
465 525 511 572 eo
523 525 610 572 saxo
619 500 828 573 consedere.
840 505 958 600 Atque
972 504 1021 573 ita
1033 500 1207 600 templum
1220 517 1256 574 et
1268 537 1285 589 7

197 616 377 685 civitatem
394 635 473 683 non
490 613 605 700 muri,
621 610 685 683 sed
702 613 916 710 praecipitia3
933 637 1002 686 nec
1019 611 1257 702 manufacta,

197 723 261 796 sed
273 721 450 795 naturalia
460 721 623 822 praesidia
633 720 1067 821 defendunt:prorsusut
1077 726 1258 796 incertum

198 836 263 922 sit,
282 848 407 905 utrum
428 835 697 904 munimentum
720 832 812 922 loci,
834 857 881 904 an
904 835 1069 931 majestas
1090 835 1156 905 Dei
1178 832 1260 932 plus

197 941 259 1015 hic
277 943 525 1016 admirationis
539 941 682 1015 habeat
696 943 816 1016 Media
835 947 908 1016 saxi
924 969 1032 1044 rupes
1048 949 1087 1016 in
1107 943 1261 1016 sormam

197 1055 331 1128 theatri
346 1055 502 1128 recessit
521 1052 766 1145 Quamobrem
785 1068 822 1125 et
838 1054 1031 1126 hominum
1052 1055 1215 1144 clamor,
1226 1067 1290 1127 eta

199 1169 230 1238 si
249 1164 398 1265 quando
415 1164 555 1238 accedit
576 1163 748 1237 tubarum
768 1189 901 1254 sonus,
924 1167 1204 1268 personantibus
1227 1179 1263 1237 et

199 1275 508 1376 respondentibus
522 1277 562 1346 in
583 1300 621 1346 se
637 1274 811 1373 rupibus,
828 1275 1016 1373 multiplex
1034 1273 1169 1360 audiri,
1188 1299 1263 1345 am-

199 1387 387 1488 pliorque,
407 1411 516 1485 quam
534 1385 675 1472 editur,
690 1407 861 1457 resonare
884 1384 984 1458 solet.
1002 1385 1090 1475 Quae
1111 1409 1169 1455 res
1188 1407 1264 1454 ma·

197 1500 314 1595 jorem
331 1499 523 1594 majestatis
541 1511 718 1570 terrorem
735 1498 870 1595 ignaris
887 1499 958 1584 rei,
974 1509 1011 1566 et
1027 1494 1264 1566 admiratione

200 1607 431 1707 stupentibus
446 1608 659 1707 plerumque
675 1605 803 1680 adfert.
818 1613 861 1678 In
875 1607 948 1680 hoc
964 1607 1064 1707 rupis
1082 1601 1264 1695 anfractu,
1278 1635 1294 1687 ⁹

199 1719 319 1792 media
339 1717 451 1790 ferme
471 1721 607 1791 montis
629 1717 838 1804 altitudine,
862 1717 1029 1818 planities
1048 1717 1175 1812 exigua
1192 1728 1265 1802 est,

201 1845 309 1928 atque
322 1831 362 1900 in
376 1853 419 1902 ea
433 1828 661 1928 profundum
676 1842 780 1900 terra
800 1827 985 1919 foramen,
1005 1825 1107 1925 quod
1126 1829 1165 1896 in
1186 1849 1266 1896 ora·

202 1938 282 2012 cula
299 1953 397 2037 patet
410 1967 418 2010 ε
430 1964 475 2010 ex
489 1964 565 2036 quo
583 1937 736 2037 frigidus
755 1941 915 2038 spiritus,
932 1942 969 2010 vi
988 1939 1159 2037 quadarn,
1170 1937 1268 2008 velut

200 2063 330 2136 vento,
346 2051 386 2118 in
406 2047 559 2120 sublime
577 2049 769 2146 expulsus,
786 2065 928 2121 mentes
942 2064 1065 2120 vatum
1083 2053 1124 2120 in
1142 2071 1268 2118 vecor-

201 2158 298 2232 diam
312 2160 436 2243 vertit3
449 2156 686 2254 impletasque
697 2161 794 2245 Deo,
805 2183 980 2257 responsa
991 2157 1268 2229 consulentibus

202 2267 289 2338 dare
307 2268 413 2362 cogit.
429 2265 544 2336 Multa
560 2266 668 2360 igitur
683 2265 735 2334 ibi
754 2282 790 2336 et
812 2268 985 2365 opulenta
1005 2290 1131 2362 regum
1153 2290 1316 2364 popu-10

202 2376 395 2473 lorumque
419 2376 586 2446 visuntur
612 2397 796 2444 munera:
822 2399 975 2471 quaeque
1001 2373 1271 2472 magnificentia

203 2490 277 2576 sui,
289 2485 521 2559 reddentium
536 2499 621 2556 vota
640 2482 779 2582 gratam
798 2484 1042 2574 voluntatem,
1058 2499 1095 2556 et
1109 2489 1270 2560 Deorum

203 2623 378 2698 responsa
393 2594 638 2670 manifestant.

250 2715 324 2783 Vll.
350 2712 465 2808 Igitur
488 2714 657 2782 Brennus
685 2731 801 2806 quum
828 2710 867 2778 in
894 2719 1094 2807 eonspeotu
1119 2705 1298 2779 haberetx

205 2909 713 2984 defendendam)majestatemllivinnm.
758 2925 931 2974 roo-roa,-
942 2919 970 2961 et
982 2914 1006 2961 1.
1021 2913 1052 2961 B.
1067 2913 1202 2970 Roussean,
1217 2903 1271 2960 Od.

206 2990 268 3043 Non
279 2991 367 3042 minus
383 3001 471 3042 tamen
486 2991 557 3043 bona
578 3003 618 3043 est
635 2990 715 3044 lectio
756 2987 802 3042 lib.
815 2987 876 3055 111,
892 3005 923 3041 r:

205 3065 266 3121 tlt
279 3067 450 3132 damno,
464 3079 492 3120 et
503 3069 577 3121 lunt.
591 3067 627 3119 ad
635 3068 716 3120 admi·

205 3149 330 3198 mmm·
759 3143 783 3160 ...
795 3120 836 3161 ru
844 3131 885 3170 quo
895 3117 1015 3170 apertos
1024 3117 1046 3157 le
1055 3114 1156 3157 maten·
1165 3114 1271 3164 amitto,

304 3229 308 3239 ,
324 3227 330 3238 ,
530 3223 537 3236 ,
758 3183 875 3234 Impatiem
882 3181 977 3221 annin
982 3179 1034 3222 dont
1041 3183 1062 3220 lu
1070 3181 1148 3230 maffia
1155 3177 1273 3221 r'nvr'not'dle

240 3243 267 3295 7·
280 3229 410 3277 cmm·
420 3226 570 3295 Aml'otuu
577 3224 657 3276 urbm
665 3223 719 3277 ¹¹⁰⁰
864 3244 934 3298 Affite
944 3253 1096 3286 tenesmon:

205 3303 281 3368 100⁰,
293 3315 324 3355 ut
336 3305 361 3370 ς.
374 3305 405 3367 6,
418 3302 473 3356 vld.
487 3299 543 3353 ind.
759 3307 992 3360 Lemwdsarim,
1005 3311 1027 3347 la
1035 3305 1080 3346 8680
1090 3270 1216 3351 tiamne,

240 3383 266 3436 8.
283 3381 458 3434 Adule-atim,
478 3377 561 3445 Quod
579 3390 718 3450 regnu„
759 3363 1267 3426 Dutmrplufaitmlrladamcundtmuo

206 3477 261 3532 uoq.
274 3459 430 3531 stupmfibm,
449 3459 524 3512 Hm
542 3460 719 3530 conjecturum
864 3433 912 3475 Per
920 3444 956 3474 aes
965 3433 1009 3473 orla
1019 3431 1157 3484 maianus.
1208 3439 1241 3468 n.

205 3535 721 3604 Fabrldnornmooddmuetoritatecon·
799 3555 840 3590 ro.
854 3537 962 3590 Multa...
976 3555 1083 3588 munem.
1097 3533 1176 3588 Conl.
1190 3531 1275 3603 scrip·

206 3617 350 3683 linnatem,
361 3617 451 3689 recepi
460 3633 511 3687 pro
524 3616 718 3679 mnam,
762 3627 833 3668 tores
846 3610 880 3667 ad
893 3613 938 3680 ll,
953 3632 999 3680 ra,
1013 3615 1029 3667 8
1042 3610 1177 3674 laudatos,
1190 3610 1274 3681 inpri-

208 3695 283 3769 qnod
310 3694 530 3768 oonjmgendum
556 3712 618 3748 enm
641 3712 720 3765 proc.
762 3689 953 3748 misllerodot.
967 3691 998 3756 1,
1011 3689 1092 3745 50-51
1106 3703 1189 3758 etna,
1206 3689 1276 3740 Pau·

208 3773 564 3845 terroremregatnraverbo
576 3772 665 3838 adsere.
682 3773 722 3824 Da
763 3789 819 3824 mn.
843 3773 886 3834 X,
907 3787 989 3838 9·rr;
1014 3769 1074 3822 coll.
1095 3767 1153 3832 vl,
1180 3785 1225 3836 19,
1249 3785 1273 3820 1.

209 3871 238 3907 re
249 3854 333 3907 Faber
344 3852 457 3906 eontulit
467 3852 545 3923 Virg.
558 3853 620 3905 Kar.
632 3849 721 3917 vlu,
764 3851 831 3916 Qun
842 3867 925 3922 mum
939 3847 993 3901 sint
1005 3845 1275 3918 magnificentissima,

211 3931 339 3994 351-354.
764 3929 824 3984 satia
850 3925 986 3982 manifeste
1012 3922 1172 3988 ostendunt,
1197 3943 1277 3995 quam

245 4028 271 4077 9.
285 4015 407 4061 neam...
422 4011 496 4079 cogit.
510 4006 683 4062 Adll’msan.
696 4017 724 4060 et
760 4007 846 4062 multa
865 4006 916 4059 Dei
942 4021 1067 4078 respoma
1094 4002 1193 4055 t'nerint
1214 4019 1277 4058 vera

212 4085 293 4140 Diod.
306 4085 341 4138 ad
353 4089 378 4154 ς.
396 4088 425 4151 6,
439 4085 574 4152 laudatos,
587 4098 615 4139 et
632 4084 724 4140 muter
765 4085 848 4157 (conl.
860 4085 917 4140 Cic.
932 4085 993 4138 Nat.
1007 4083 1088 4136 Deor.
1100 4081 1160 4146 Ill,
1173 4083 1223 4152 37,
1235 4084 1277 4152 a),

213 4164 289 4234 Virg.
312 4162 416 4216 AEneid.
434 4164 488 4218 vl.
508 4168 605 4233 46-51,
620 4165 723 4237 77-803
764 4183 848 4240 quum
861 4177 915 4219 tam
927 4163 1011 4218 multe
1023 4159 1110 4217 adsint
1121 4157 1205 4226 dona,
1218 4175 1278 4232 qu·
