2967 4684
411 379 792 450 IIISTORIARUM
816 381 975 450 LIBER
1000 383 1039 450 V.
1190 383 1253 452 161

191 521 255 578 aut
267 516 436 604 parentes
448 499 599 590 deflent3
612 515 788 599 cognatos
796 501 871 591 alii,
883 499 941 572 alii
951 501 1085 572 amicos
1098 505 1259 599 cognatis

194 619 369 703 cariores;
389 628 426 685 et
444 638 527 686 cum
544 612 691 711 privatis
709 609 852 682 casibus
871 611 1054 709 querclam
1076 606 1259 710 publicant

194 729 373 798 miscent:
393 755 410 791 α
430 731 507 798 Jam
529 749 567 795 se
590 725 709 822 ipsos,
725 723 799 818 jam
819 724 933 822 ipsam
953 725 1104 821 patriam
1126 727 1290 822 petitu-a

194 863 294 928 rm,
319 839 615 933 miserioremque
637 833 897 919 incolumium,
917 858 1026 931 qtiam
1047 836 1262 907 amissorum

195 947 381 1020 fortunam
398 946 602 1044 judicantes
622 972 629 1013 :
649 944 718 1015 sibi
742 947 896 1041 quisque
913 959 999 1016 ante
1019 945 1145 1017 oculos
1166 945 1292 1025 obsi-9

197 1056 365 1143 dionem,
390 1056 539 1144 samem,
565 1070 601 1127 et
627 1052 827 1154 superbum
850 1056 1096 1153 victoremque
1120 1055 1263 1128 hostem

197 1183 469 1268 proponentes:
482 1168 556 1263 jam
573 1168 717 1237 ruinam
733 1163 834 1235 urhis
847 1179 884 1234 et
896 1165 1084 1257 incendia,
1094 1170 1168 1264 jam
1186 1193 1265 1239 om·
1279 1198 1310 1234 to

198 1281 301 1350 nium
323 1280 564 1377 captivitatem
590 1293 626 1348 et
648 1276 886 1346 miserrimam
911 1276 1119 1347 servitutem
1142 1303 1265 1350 recor-

198 1391 353 1463 dantes:
373 1387 552 1460 feliciores
579 1411 728 1486 prorsus
752 1387 892 1485 priores
918 1384 1021 1456 urhis
1044 1389 1169 1458 ruinas
1194 1388 1311 1460 du-11

199 1517 343 1589 centes,
357 1525 455 1598 quae,
472 1497 718 1570 incolumibus
736 1495 819 1566 filiis
837 1495 1141 1594 parentibusque,
1153 1513 1267 1568 tecto-

198 1637 282 1684 rum
300 1626 442 1683 tantum
461 1611 568 1680 ruina
584 1623 708 1680 taxatae
726 1610 809 1680 sint.
825 1611 934 1679 Nunc
950 1623 1071 1679 autem
1088 1634 1166 1680 non
1184 1608 1270 1681 clas·
1283 1637 1313 1672 υ

199 1749 296 1813 sem,
311 1724 352 1794 in
372 1723 622 1820 quam,·sicuti
639 1719 802 1821 pridem,
818 1715 1051 1816 confugiant,
1066 1745 1269 1820 superesse,

200 1860 278 1906 non
290 1835 501 1922 exercitum,
510 1834 612 1930 cujus
620 1834 753 1904 virtute
761 1831 890 1904 servati
898 1830 1109 1930 pulchriora
1121 1848 1272 1931 possent

199 1947 335 2016 moenia
350 1959 544 2017 exstruere.
560 1974 579 2010 n

250 2061 343 2127 VIII.
361 2058 417 2128 Sic
437 2054 575 2127 delletae
598 2075 640 2125 ac
663 2077 779 2152 prope
797 2053 945 2151 perditae
964 2055 1049 2126 urbi
1070 2054 1194 2127 hostes
1211 2081 1298 2126 su-1
1326 2153 1331 2158 ι

200 2168 442 2264 perveniunt,
465 2179 501 2236 et
526 2164 718 2236 obsidione
741 2163 985 2236 circumdatos
1008 2165 1105 2237 fame
1131 2183 1272 2264 urgent.

202 2275 371 2346 Sciebant
386 2276 506 2362 enim,
525 2296 645 2371 neque
661 2297 705 2343 ex
722 2272 881 2343 advectis
906 2274 1020 2372 copiis
1040 2274 1196 2345 multum
1214 2301 1302 2346 sun

202 2410 365 2484 peresse,
389 2400 444 2472 et,
470 2409 517 2455 ne
543 2407 647 2453 novae
674 2381 804 2454 advehi
832 2398 1003 2480 possent,
1027 2384 1274 2482 providerant.

201 2497 343 2588 Quibus
358 2495 462 2566 malis
476 2493 717 2567 Athenienses
728 2491 854 2583 fracti,
868 2509 950 2591 post
963 2494 1108 2594 longam
1126 2494 1274 2586 samem,
1288 2514 1303 2565 a

202 2624 239 2680 et
256 2607 404 2680 adsidua
423 2631 572 2678 suorum
598 2603 743 2692 funera,
761 2628 887 2707 pacem
907 2608 1066 2705 petivere
1090 2635 1097 2679 :
1124 2633 1204 2705 quae
1227 2634 1274 2679 an

202 2719 280 2792 dari
297 2717 464 2807 deberet,
483 2717 546 2790 diu
562 2719 659 2787 inter
676 2721 871 2814 Spartanos
888 2719 1078 2815 sociosque
1095 2717 1277 2790 delibera-

203 2847 291 2902 tum.
313 2832 436 2921 Quum
465 2829 570 2901 multi
598 2827 794 2899 delendum
818 2826 1095 2900 Atheniensium
1117 2849 1306 2910 nomen,t

205 2999 296 3052 denno
306 3013 505 3071 conqueruntur
513 2999 547 3052 de
558 3001 662 3053 loetum
671 3019 722 3072 pn·
764 2999 923 3066 Decembre,
933 3001 996 3072 Agis
1003 3021 1050 3055 rex
1056 3005 1149 3056 urbem
1160 3008 1278 3058 exercitu

205 3079 283 3131 blica.
298 3079 376 3148 Angli
393 3090 480 3131 autem
495 3079 589 3149 legunt
604 3093 719 3144 onerant,
762 3080 894 3144 terrestri,
910 3079 1046 3152 Lysander
1061 3085 1173 3136 navibus
1190 3085 1277 3137 inclu-

205 3155 368 3228 adprobante
383 3157 528 3210 Schelsero.
542 3175 586 3209 ro.
763 3175 827 3223 sam,
833 3157 1041 3212 fameenecatam
1048 3161 1153 3213 tandem
1163 3182 1203 3215 an.
1216 3164 1277 3231 349,

241 3253 267 3304 7.
278 3233 382 3304 Deflerm
393 3235 508 3286 Amissus
521 3234 576 3286 scil.
587 3233 723 3307 Lysander
762 3253 853 3288 mense
861 3237 953 3307 Aprili,
961 3237 993 3289 ed
999 3237 1162 3292 deditionem
1168 3254 1276 3310 cogunt.

206 3313 292 3376 enim,
302 3324 398 3384 praeter
409 3313 506 3364 multos
515 3329 603 3383 pugna
619 3325 645 3365 et
661 3313 722 3383 luga
764 3313 843 3366 Conl.
858 3315 927 3366 Xen.
942 3315 1010 3367 Hell.
1025 3316 1071 3382 ΙΙ,
1090 3333 1148 3382 1·2;
1166 3317 1276 3371 Diodor.

206 3409 286 3445 cesos
303 3405 328 3445 et
344 3393 494 3456 absumtos,
514 3391 599 3444 occidi
613 3394 724 3462 jusserat
764 3393 849 3457 xm,
871 3395 962 3462 105-7.
982 3425 1017 3434 -
1042 3395 1212 3448 cncumdntos.
1237 3398 1280 3449 Ita

210 3471 280 3525 3000
289 3471 408 3542 captivos
418 3484 509 3524 contra
518 3468 599 3522 fidem
610 3469 705 3524 datam.
764 3471 864 3542 recepit
876 3471 962 3523 Grter.
978 3491 1010 3525 ex
1023 3473 1082 3525 Ald.
1099 3487 1125 3525 et
1141 3475 1215 3526 Junt.
1230 3493 1236 3527 :
1250 3477 1278 3528 in

243 3567 269 3618 9.
278 3555 312 3600 Et
321 3549 447 3620 superbum
455 3553 616 3622 victoremque
625 3549 723 3599 hostem.
766 3549 864 3601 caeteris
876 3562 913 3600 est
923 3551 1080 3603 circumdatos
1091 3565 1116 3601 et
1123 3547 1242 3619 obsessos,
1253 3569 1280 3608 et
1362 3553 1368 3574 '

207 3629 278 3680 Bene
290 3645 350 3679 cum
364 3627 451 3680 Fabro
464 3628 511 3679 has
526 3645 604 3679 voces
618 3625 723 3678 deleve·
766 3626 913 3680 circumdata
924 3627 1050 3681 obsessos:
1062 3630 1134 3700 quod
1149 3635 1280 3703 posterius

208 3707 298 3779 risque
306 3706 530 3776 kostem‚legenst
544 3705 666 3777 stperbum
674 3709 724 3756 vie·
765 3725 821 3759 non
841 3708 984 3779 spreverim
1005 3709 1032 3760 in
1055 3711 1168 3778 Nostro,
1187 3733 1280 3783 quam·

209 3797 282 3837 torem
289 3796 460 3856 proponentes.
766 3804 845 3856 quam
855 3799 1026 3839 rectemonet
1040 3788 1159 3842 Graevius
1173 3791 1281 3845 obsessos

248 3881 306 3916 10·r
315 3881 336 3915 ι.
347 3870 401 3914 lam
414 3865 506 3913 ruinam
519 3861 584 3914 urbis
596 3875 645 3916 etc.
659 3863 725 3914 Res-
766 3883 822 3916 easc
837 3866 1081 3936 interpretationem
1094 3867 1143 3921 rod
1158 3871 1282 3923 obedum

210 3941 721 4014 piceIl,12,11,etcap.14,a.*·
767 3943 934 3995 cimamdctos.
1032 3951 1037 3958 “

247 4017 330 4069 VlIl.
347 4041 371 4072 1.
384 4021 422 4069 Sic
435 4018 530 4087 desletoe
541 4030 592 4070 etc.
606 4017 728 4070 Preliurn
806 4030 832 4086 4.
844 4023 924 4073 Multi.
940 4021 971 4072 In
987 4018 1029 4072 his
1046 4022 1194 4092 Corinthii,
1208 4025 1282 4078 ‘Ilie-

216 4097 281 4168 illud
294 4117 391 4170 quum,
405 4110 434 4150 nt
447 4097 503 4150 dixi
521 4096 553 4150 ad
572 4115 629 4168 cap.
646 4103 678 4162 o',
698 4117 724 4161 1,
768 4099 840 4152 bani.
849 4131 881 4139 ω
892 4105 932 4150 Er
941 4097 1034 4150 duobus
1045 4105 1143 4156 Groecice
1152 4104 1234 4157 ocuhs.
1243 4107 1285 4158 Nc

215 4177 382 4232 commissum
401 4189 523 4234 esseron.
547 4176 614 4243 348,
639 4193 735 4230 mense*
770 4178 825 4234 scil.
845 4179 887 4230 illa
906 4179 981 4231 fieret
995 4175 1191 4248 inficiamur,
1203 4185 1282 4247 usca,

1073 4303 1109 4349 11
