2967 4684
254 281 327 338 runi
615 257 945 328 TESTIMONIA

253 373 466 467 novissima,
495 375 680 451 variorum
705 377 799 449 notis
824 370 1022 467 illustrata,⁴
1047 389 1194 449 curante
1215 375 1309 473 Aba.

254 484 457 562 Gronovio.
477 485 662 560 Nonnulla
680 487 813 560 Justiui
830 486 1011 561 illustrant
1031 486 1137 585 Casp.
1155 485 1314 586 Sagitta-

254 597 330 670 rius
354 595 463 670 variis
484 595 792 670 dissertationibus
807 596 853 669 ad
874 596 1007 669 librum
1030 595 1192 694 primurn
1209 593 1314 667 editis

255 705 549 797 Reimea-1665,
574 707 684 795 1666;
703 721 739 780 et
758 709 836 778 len.
857 706 968 804 1676,
990 713 1032 798 43
1053 708 1155 780 etad
1174 705 1238 778 lib.
1258 706 1314 796 ΙΙ,

255 843 334 914 cap.
351 818 385 905 Ι,
402 830 438 888 et
450 816 495 904 de
509 817 657 890 historia
667 817 847 890 bellorum
856 817 1105 915 Scythicorum
1117 816 1163 890 ad
1179 815 1243 887 lib.
1256 815 1313 904 ΙΙ,

251 953 336 1024 cap.
365 927 386 998 3
413 941 448 998 et
473 928 612 1019 51en.
638 928 748 1018 1685,
768 935 809 1015 l?
831 943 867 1000 et
888 925 1257 1008 JacobusScballerus
1273 924 1317 998 iu

256 1033 491 1122 laudabilibus
505 1035 658 1130 politicis
672 1063 691 1108 e
704 1036 727 1105 J
729 1037 848 1108 ustrno
861 1036 1018 1110 collectis
1029 1038 1083 1109 Ar
1083 1049 1183 1136 gent
1200 1035 1315 1130 1649,

259 1149 295 1247 4.
309 1143 419 1216 Libro
433 1146 654 1237 XXXVIII,
663 1147 707 1249 Ι3,
723 1161 773 1218 art
783 1146 945 1220 lustinus
950 1201 964 1238 ‚
981 1144 1168 1247 Trogum
1155 1171 1196 1218 1n
1209 1143 1317 1218 Livio

259 1267 296 1326 et
313 1253 352 1326 in
371 1254 539 1328 Sallustio
555 1200 841 1353 reprebendere,
854 1256 952 1356 quod
965 1256 1154 1338 conciones
1165 1254 1319 1335 directas

258 1370 328 1460 pro
348 1389 410 1438 sua
434 1365 596 1438 oratione
619 1366 721 1463 operi
743 1390 808 1438 suo
825 1366 1036 1458 inserendo,
1053 1365 1210 1441 historiae
1231 1388 1320 1435 mo-.

225 1493 227 1496 ·
262 1473 351 1566 dum
383 1469 608 1548 excesserint.
640 1476 741 1548 Licet
767 1477 890 1548 autein
922 1473 1321 1574 merito,reprehendat

262 1583 388 1684 aliquis
402 1611 486 1657 cum
503 1585 665 1670 Diodoro
682 1586 801 1659 SIculo
819 1585 858 1670 in
870 1585 996 1674 limine
1013 1586 1096 1658 libri
1112 1586 1207 1677 XX,
1224 1587 1322 1670 tup-

261 1698 368 1779 μήκεις
384 1699 575 1786 brpnyopler
591 1710 627 1767 et
645 1697 765 1767 πυκνὰς
777 1700 949 1785 ῥητορείας,
960 1697 1100 1769 crebras
1114 1709 1150 1767 et
1165 1692 1322 1791 prolixas

264 1803 565 1896 declamationes,
600 1805 763 1878 insertas
777 1805 934 1885 historiae
952 1805 979 1897 ,’
1002 1818 1039 1877 et
1067 1800 1324 1899 intempestiva

264 1911 478 2011 eloquentiae
498 1914 735 1990 adfectatione
748 1914 963 2008 narrationis
977 1910 1107 2004 'seriem
1119 1912 1335 1994 interrumv·

264 2039 413 2121 pentes,
431 2025 716 2124 scriptoresque,
736 2024 798 2125 qui
817 2037 933 2097 totam
950 2023 1138 2110 historiam
1155 2021 1324 2113 revellens

265 2137 321 2204 als
335 2139 543 2225 dnunyoples
552 2135 790 2244 appendicem
802 2160 1018 2209 concionum
1027 2134 1186 2208 faciunt
1202 2148 1325 2211 tamen

269 2241 497 2317 Conciones
487 2273 525 2318 m
545 2245 712 2319 Sallustio
729 2270 770 2320 ac
785 2246 986 2343 praesertim
1000 2245 1106 2320 Livio
1118 2271 1234 2334 rarae,
1254 2268 1327 2339 op-

269 2367 459 2451 portunae,
477 2355 655 2456 rebusque
683 2369 777 2454 aptae
800 2354 1003 2459 leguntur.
1021 2356 1170 2456 itaque,
1185 2381 1216 2428 st
1205 2351 1327 2426 naevi

269 2477 376 2553 sunt,
404 2462 638 2563 pulcherrimi
670 2479 754 2539 sunt
765 2518 779 2557 ‚
815 2482 923 2564 atque
949 2464 1167 2565 ejuscemodi
1193 2487 1330 2561 propes

270 2569 444 2662 modum,
463 2571 508 2642 de
528 2574 657 2670 quibus
674 2574 901 2670 usurpaveris
926 2574 1017 2645 illud
1045 2571 1189 2670 Apuleii
1205 2571 1245 2642 in
1260 2572 1329 2644 llo·

154 2768 159 2777 ·
270 2677 377 2769 ridis,
393 2683 496 2775 risere
508 2681 642 2769 Musa,
658 2705 769 2780 quum
778 2679 948 2751 audirent
959 2679 1024 2750 hoc
1036 2705 1150 2775 genus
1162 2682 1327 2768 crimina,

271 2789 425 2886 sapienti
436 2788 649 2889 exoptando
655 2846 669 2879 ,
687 2787 847 2888 Apollini
857 2788 1049 2888 objectate.
1063 2790 1086 2860 J
1088 2789 1196 2862 ustini
1207 2786 1330 2869 Codex

273 2895 421 2997 insignis
442 2900 543 2997 jussu
569 2897 623 2970 Pii
649 2901 721 2990 III,
745 2925 806 2970 an.
838 2898 928 2970 1503
947 2898 1129 2992 defuncti,
1149 2899 1332 2999 eleganter-

274 3003 426 3120 scriptus
444 3022 557 3102 exstat
572 3009 611 3082 in
628 3008 851 3102 Bibliotheca
866 3010 1048 3097 Cothona,

702 3195 901 3214 ..ι-..ι-

295 3320 602 3418 ΤΕὸΤΙΜΟΝΙΑ
618 3323 972 3414 RECENTIORUM
989 3321 1322 3419 scurronum

469 3497 648 3572 caturco
667 3498 863 3552 sunnone
879 3483 1148 3569 consensuri?
1201 3487 1206 3493 ·
1237 3579 1240 3582 ⁴

715 3665 902 3751 RAPIN,

547 3808 760 3874 maturioris
778 3823 843 3871 suu
861 3797 1066 3878 r'nrsrorau

332 3929 471 4022 lustin,
485 3929 547 4031 qui
560 3929 706 4006 devient
719 3933 958 4031 compilateur
971 3959 1016 4005 en
1029 3929 1179 4006 roulant
1190 3929 1336 4032 s'driger

285 4066 330 4127 en
347 4039 519 4122 historien
528 4095 542 4134 ‚
566 4067 612 4114 ne
628 4043 693 4128 fait
708 4042 934 4144 qu'ellleurer
953 4041 1004 4116 les
1021 4039 1199 4118 mutieres.
1220 4039 1251 4124 II
1269 4038 1336 4122 seit
