2967 4684
318 375 700 448 ursronraauu
724 379 884 449 traua
908 382 1101 451 xxvur.
1173 358 1242 477 395

179 498 268 572 illud
279 524 451 598 reguum,
464 525 540 572 non
552 499 890 598 voluptatibus,sed
901 501 1087 574 laboribus
1098 527 1139 575 ac
1151 507 1245 602 peri·
1289 527 1293 532 ·

181 611 272 684 culis
293 613 468 684 sentire.»
489 615 759 682 Commemorat
784 609 917 682 deinde
946 610 1126 684 beneficia
1153 637 1214 684 sua
1235 633 1292 690 :14

179 751 197 788 α
207 734 249 793 ut
261 719 502 793 defectionem
517 723 700 792 sociorum
713 719 952 794 vindicaverit
964 750 972 792 :
984 737 1028 793 ut
1040 721 1246 810 Dardanos,

179 832 443 930 Thessalosque
462 831 682 903 exsultantes
699 847 818 904 morte
838 834 1012 903 Demetrii
1033 836 1127 931 regis
1147 859 1247 906 conr·

181 946 362 1043 pescuerit
381 971 388 1014 :
407 958 449 1014 ut
473 942 632 1040 denique
658 941 871 1040 dignitatem
897 942 1140 1014 Macedonum
1168 969 1247 1016 non

182 1053 299 1126 solum
308 1049 663 1142 defenderit,verum
673 1054 781 1125 etiam
790 1053 939 1124 auxerit
948 1055 1115 1142 Quorum
1127 1057 1157 1125 si
1168 1054 1247 1126 illos
1262 1073 1293 1127 15

182 1165 373 1262 poeniteat,
386 1162 571 1260 deponere
587 1187 625 1234 se
640 1163 851 1261 imperium,
862 1179 901 1235 et
914 1163 1067 1238 reddere
1082 1166 1152 1237 illis
1167 1191 1248 1236 mu-

184 1299 254 1346 nus
269 1297 395 1361 suum;
410 1275 477 1372 ipsi
491 1297 612 1371 regem
628 1289 811 1372 quaerant,
823 1277 881 1346 cui
899 1276 1114 1372 imperent.»
1125 1279 1248 1366 Quum
1264 1298 1296 1348 ιθ

184 1383 341 1485 populus
351 1384 491 1484 pudore
501 1400 640 1474 motus,
650 1387 812 1484 recipere
826 1409 909 1456 eum
918 1409 1073 1482 regnum
1084 1385 1250 1482 juberet,'

185 1496 322 1568 tamdiu
338 1497 532 1583 recusavit,
546 1494 669 1594 quoad
685 1495 873 1568 seditionis
889 1511 1055 1568 auctores
1071 1500 1249 1598 supplicio
1299 1536 1302 1543 ·

185 1605 425 1680 traderentur.

233 1723 291 1790 IV.
307 1723 392 1792 Post
408 1718 486 1792 haec
501 1718 640 1792 bellum
653 1720 838 1819 Spartanis
853 1717 985 1791 infert:
1002 1720 1065 1818 qui
1083 1719 1150 1790 soli
1168 1718 1279 1795 Phi-1

185 1830 275 1931 lippi
293 1830 559 1930 Alexandrique
577 1831 700 1921 bellis,
718 1846 758 1904 et
775 1833 969 1930 imperium
988 1832 1252 1921 Macedonum,

182 1957 223 2014 et
236 1940 409 2014 omnibus
421 1941 622 2014 metuenda
638 1966 737 2014 arma
754 1957 1036 2014 contemserant.
1048 1948 1150 2015 Inter
1164 1944 1282 2016 duas,

186 2052 429 2126 nobilissimas
446 2069 572 2152 gentes
594 2053 730 2125 bellum
751 2055 902 2125 summis
922 2056 1098 2152 utrinque
1116 2055 1255 2126 viribus

187 2163 257 2236 fuit
271 2193 279 2236 ε
294 2191 409 2264 quum
428 2163 467 2235 hi
483 2190 551 2264 pro
564 2179 685 2236 vetere
701 2166 945 2237 Macedonum
964 2165 1095 2262 gloria,
1111 2165 1255 2236 illinon
1356 2241 1360 2251 ,

188 2277 306 2350 solum
320 2303 388 2376 pro
407 2275 543 2348 illibata
557 2274 739 2365 libertate,
753 2275 817 2348 sed
833 2278 940 2350 etiam
959 2301 1027 2374 pro
1046 2274 1160 2348 salute
1178 2301 1255 2348 cer·

187 2401 317 2459 tarent.
327 2389 419 2458 Victi
431 2386 710 2476 Lacedaemonii,
724 2412 802 2458 non
815 2388 883 2487 ipsi
898 2402 1058 2474 tantum,
1072 2387 1134 2459 sed
1147 2390 1285 2459 etimne

189 2500 361 2597 conjuges
386 2499 585 2596 liberique,
608 2523 741 2595 magno
768 2498 892 2569 animo
917 2495 1104 2570 fortunam
1130 2497 1254 2569 tulere.
1351 2559 1355 2564 .

188 2614 306 2684 Nemo
326 2612 461 2709 quippe
479 2613 519 2679 in
538 2612 614 2681 acie
636 2609 741 2682 saluti
760 2611 948 2709 pepercit:
966 2609 1067 2680 nulla
1086 2612 1255 2681 amissum
1270 2631 1287 2689 a

190 2724 384 2822 conjugem
402 2721 501 2794 llevit
518 2749 525 2793 :
545 2720 704 2795 filiorum
728 2735 884 2792 mortem
908 2745 1014 2792 senes
1034 2719 1257 2793 laudabant:

190 2833 353 2934 patribus
367 2835 407 2904 in
425 2836 502 2906 acie
518 2837 616 2907 caesis
629 2832 693 2905 filii
712 2832 1007 2932 gratulabantur:
1021 2857 1123 2904 suam
1140 2833 1259 2904 vicem

189 3078 266 3139 sciat,
286 3091 343 3128 non
363 3075 441 3129 bene.
459 3073 549 3129 Nescit
566 3073 638 3127 enirn
656 3091 703 3126 rex
740 3067 1258 3142 S.-½leeeudri.XI‚s,7;X11‚r‚6.

190 3153 321 3225 imperare
334 3155 403 3220 suis,
417 3153 464 3226 qui
480 3152 545 3206 huie
563 3153 702 3225 imperant.
780 3151 805 3203 3.
833 3154 904 3201 Victi.
930 3147 974 3201 Ad
998 3149 1133 3203 Sellasiam
1157 3150 1258 3224 olymp.

191 3233 289 3286 Sensus
313 3231 396 3303 igitur
414 3244 455 3285 est
472 3231 608 3302 {querite
628 3229 705 3283 vobis
747 3227 1107 3295 139‚3‚t.11.532,uht
1126 3245 1160 3279 ex
1179 3231 1259 3292 6,οοο

190 3329 301 3382 regem,
323 3310 368 3363 cui
392 3329 443 3382 pro
466 3309 552 3362 lubitu
574 3309 704 3380 impense
747 3305 882 3378 Spartanis
902 3323 957 3358 non
976 3305 1028 3357 nisi
1045 3309 1097 3357 600
1113 3305 1176 3376 fuge
1195 3305 1261 3365 salvi

190 3389 305 3462 possim.
745 3382 988 3449 flammantur
999 3383 1163 3436 Plutarchus.

229 3469 271 3522 15.
284 3471 342 3539 Ipsi.
356 3465 426 3520 Edd.
437 3465 520 3538 antiq.
531 3482 576 3518 sex
587 3480 648 3518 cum
659 3462 706 3514 ali·
782 3469 806 3524 4.
822 3461 899 3514 Natta
914 3464 1025 3512 mltsttm
1043 3464 1168 3532 conjugem
1179 3461 1258 3532 flevit.

193 3558 260 3619 quot
272 3544 353 3600 codd.
368 3548 437 3619 quia,
451 3543 525 3598 unde
536 3545 622 3614 Bong.
635 3540 706 3594 elicit
746 3542 786 3594 lta
795 3541 919 3592 nomano
929 3539 1053 3592 mulieres
1064 3551 1125 3612 post
1135 3539 1259 3592 Cannen-

193 3625 398 3700 quarerfacilius
409 3625 444 3676 Is.
456 3623 565 3678 Vossius
578 3626 636 3696 quin
648 3620 706 3693 (qui
747 3637 802 3672 sem
821 3634 940 3688 pugnem
958 3638 964 3670 ε
982 3616 1016 3671 de
1035 3617 1132 3689 quibus
1151 3625 1260 3671 Montes·

193 3723 266 3770 non,
279 3705 297 3757 i.
309 3723 334 3758 e.
348 3720 462 3756 curnon
475 3700 704 3773 querantiergo:
747 3700 833 3773 φάεα,
858 3696 987 3751 cranam
1008 3709 1034 3746 et
1054 3697 1195 3750 chadeuce
1218 3699 1260 3752 des

194 3793 314 3856 queram
325 3781 428 3852 igitur).
747 3779 869 3839 llossaiss,
876 3775 1037 3828 lV:·1lome
1038 3775 1172 3842 futsuuode
1175 3779 1262 3850 parles

230 3860 283 3914 IV.
294 3877 316 3914 1.
327 3859 413 3926 Injirt.
423 3857 476 3912 Scil
485 3857 565 3910 inlert
574 3855 708 3929 Spartanis
744 3855 815 3922 force
828 3853 860 3905 de
874 3871 918 3906 son
933 3857 1075 3908 tustinum.
1087 3860 1162 3928 Apris
1175 3857 1199 3908 la
1215 3857 1260 3908 ba-

194 3940 295 3995 bellum
307 3937 471 4008 Antigonus,
482 3937 511 3989 in
522 3936 646 3988 auxilium
659 3951 709 3988 ro·
750 3935 817 3985 tuille
831 3932 862 3985 de
880 3937 975 3984 mnes
988 3933 1009 3984 tt
1018 3953 1048 3985 ne
1060 3933 1105 4001 fic
1113 3955 1161 4007 pas
1171 3939 1262 4008 pennis

195 4031 269 4076 cetus
285 4018 319 4072 ab
340 4019 442 4080 Arato,
457 4015 614 4068 Achaeorum
632 4010 710 4065 duce.
750 4011 1003 4078 msmmumems
1016 4013 1048 4064 ds
1060 4031 1143 4066 verser
1154 4015 1197 4066 des
1211 4015 1261 4066 tatu

197 4097 278 4154 cont.
294 4097 365 4151 Plut.
382 4096 411 4150 in
427 4093 507 4166 hujus
521 4105 548 4146 et
563 4093 712 4148 Cleomenis
751 4111 808 4146 mes.
823 4101 857 4146 Le
872 4094 1038 4160 semirasura
1054 4093 1086 4148 de
1102 4095 1213 4150 metuet·
1221 4093 1263 4157 des

197 4175 426 4247 situ-Plrile'ppi...
436 4183 615 4228 concernerent.
624 4171 712 4241 12t,5‚
746 4175 909 4246 prisonnters,
923 4185 973 4230 etc.
984 4197 996 4225 s
1008 4191 1053 4228 ιι),
