2967 4684
256 400 321 487 164
676 407 888 478 JUSTINI

251 527 456 613 civitatum,
483 539 555 595 tam
583 524 748 598 crudeles
778 552 882 599 casus
908 529 1178 618 miserantium,
1205 526 1315 601 lavor.

220 642 377 736 altaque
395 638 586 725 Ismenias,
602 635 862 709 Thebanorum
876 640 1065 737 princeps,
1079 640 1144 710 etsi
1163 637 1317 738 publicis

222 773 327 829 onon
355 761 516 846 poterat,
544 748 691 846 privatis
718 763 840 821 tamen
865 748 1004 821 viribus
1032 750 1222 847 adjuvabat
1247 778 1256 821 τ
1281 765 1318 822 et

250 860 373 956 Lysias
399 862 644 955 Syracusanus
668 874 811 948 orator,
837 860 937 930 exsul
959 874 1070 948 tunc,
1096 862 1318 958 quingentos

250 972 398 1060 milites,
418 971 600 1071 stipendio
617 996 683 1043 suo
700 973 919 1059 instructos,
940 973 978 1040 in
1002 971 1174 1042 auxilium
1195 971 1319 1070 patriae

206 1083 454 1154 1ocommunis
470 1082 686 1180 eloquentiae
703 1082 809 1153 misit
829 1084 884 1153 Fit
897 1084 1020 1180 itaque
1037 1105 1206 1180 asperum
1228 1106 1318 1179 prae·

250 1192 347 1263 lium.
362 1193 447 1280 Sed,
461 1218 576 1291 quum
590 1192 678 1264 hinc
692 1218 761 1291 pro
778 1195 892 1293 patria
905 1193 1052 1265 summis
1063 1192 1217 1281 viribus,
1230 1193 1323 1265 inde

248 1330 317 1403 pro
331 1304 447 1375 aliena
466 1303 716 1392 dominatione
733 1306 894 1375 securius
912 1318 1149 1401 pugnaretur,
1169 1306 1319 1399 tyranni

204 1448 234 1483 u
250 1418 472 1489 vincuntur:
493 1416 579 1487 victi
596 1416 635 1484 in
650 1413 781 1485 urbem
798 1412 1003 1511 refugiunt,
1020 1438 1149 1512 quam,
1165 1412 1318 1486 exhaus-

204 1560 235 1596 ιι
251 1541 323 1599 tam
338 1526 512 1613 caedibus,
523 1527 596 1597 suis
608 1524 714 1596 etiam
729 1524 837 1595 annis
849 1524 1016 1623 spoliant.
1031 1525 1189 1614 Deinde,
1204 1550 1318 1622 quum

249 1662 377 1711 omnes
399 1636 638 1709 Athenienses
661 1634 879 1733 proditionis
904 1652 1092 1735 suspectos
1116 1634 1318 1725 haberent,

169 1760 171 1769 ’
248 1748 449 1845 demigrare
465 1762 527 1819 eos
548 1771 592 1817 ex
610 1745 701 1816 urbe
722 1743 874 1842 jubent,
899 1762 936 1817 et
957 1748 997 1817 in
1018 1746 1178 1818 brachiis
1200 1750 1318 1836 muri,

182 1936 187 1945 ,
249 1883 329 1956 quae
346 1856 467 1929 diruta
483 1854 646 1945 lucrant,
665 1854 847 1940 habitare,
865 1861 1044 1930 extraneis
1061 1859 1236 1931 militibus
1250 1860 1317 1930 im·

203 1986 234 2039 13
249 1970 389 2067 perium
407 1984 560 2041 tuentes.
578 1972 663 2039 Post
680 1966 758 2039 haee
774 1967 1041 2066 Thrasybulum
1063 1994 1319 2069 conumpere,

173 2108 177 2117 ·
202 2104 236 2165 ¹⁴
249 2082 391 2181 imperii
407 2083 615 2156 societatem
628 2079 860 2180 pollicentes,
874 2096 1065 2153 conantur.
1080 2082 1189 2172 Quod
1203 2109 1316 2181 quum

249 2217 327 2263 non
357 2194 586 2290 contigisset,
618 2190 746 2265 auxilia
773 2216 794 2263 a
823 2192 1104 2265 Lacedaemoniis
1133 2196 1315 2293 petivere:

202 2322 235 2381 rt
249 2302 382 2400 quibus
400 2304 540 2392 accitis,
560 2303 688 2373 iterato
705 2301 923 2401 praeliantur.
944 2310 988 2375 In
1011 2331 1055 2377 eo
1075 2304 1171 2377 bello
1189 2307 1317 2378 Critias

200 2430 234 2482 ss
248 2429 284 2484 et
303 2415 573 2516 Hippolochus,
591 2416 757 2487 omnium
778 2430 1021 2511 tyrannorum
1039 2417 1239 2506 saevissimi,
1256 2441 1317 2489 cae

248 2523 352 2595 diunt.
1300 2558 1305 2562 ·

283 2718 308 2769 7.
323 2700 444 2754 medela.
456 2704 582 2773 Bongars.
594 2703 674 2755 etalii
686 2702 760 2756 codi-
802 2719 859 2773 cap.
875 2704 907 2765 8,
923 2703 948 2754 5.
965 2732 997 2741 -
1013 2704 1151 2753 sermea.
1167 2700 1224 2753 Hae
1236 2700 1271 2753 de
1284 2722 1315 2755 re

232 2778 414 2831 'cescrudelr's.
429 2793 474 2833 nn.
520 2842 522 2849 y
801 2778 1116 2850 autemvid.cap.8,n.

282 2874 308 2922 9.
320 2860 414 2928 Lysias.
425 2858 508 2909 Natus
517 2858 546 2907 A.
556 2856 591 2907 U.
605 2860 664 2925 296,
677 2876 760 2929 quum
839 2858 880 2909 13.
903 2864 965 2909 Post
991 2858 1042 2908 hac
1069 2856 1240 2929 Thrasybulum
1261 2870 1312 2912 etc.

247 2952 289 2987 an.
308 2934 359 3001 3⁰9
376 2934 577 2987 Atheniensium
595 2935 695 2988 colonis
712 2935 760 2990 ad·
802 2934 881 2987 cont.
896 2934 1009 2989 Diodor.
1024 2934 1104 3000 xw,
1117 2936 1159 2989 32.

245 3014 370 3082 junctus,
383 3014 499 3066 Thurios
523 3014 709 3081 concessisset,
726 3016 759 3067 32
839 3016 880 3070 15.
894 3015 1063 3086 Hirpolocbn.
1078 3014 1120 3067 Ita
1132 3026 1196 3068 vett.
1210 3029 1312 3069 omnes.

248 3090 610 3155 annoshiemoratus,rebus
618 3092 762 3147 Athenien·
801 3090 880 3145 Hunc
902 3102 989 3145 autem
1010 3094 1163 3165 Xenophon
1181 3095 1314 3165 Hispone·

248 3170 316 3222 sium
328 3171 355 3223 in
369 3170 457 3224 Sicilia
471 3168 581 3222 adflictis
593 3172 644 3237 (4,
656 3172 701 3239 5),
716 3190 759 3226 an.
802 3172 870 3223 cleron
887 3186 972 3226 vocat
990 3191 1037 3225 nn.
1051 3204 1086 3217 -υ
1104 3176 1234 3225 &chrima
1254 3174 1314 3226 Cri·

249 3251 297 3315 341
311 3250 426 3303 Athenas
436 3266 569 3313 reversus,
580 3248 627 3301 has
636 3248 688 3301 hoe
702 3250 761 3321 ipso
802 3248 864 3302 dam
877 3252 1031 3323 Xenophon
1045 3270 1152 3322 quoque
1166 3269 1314 3303 memorans

247 3340 368 3401 ternpore
379 3343 551 3405 tyrannorum
563 3339 634 3379 metu
643 3327 760 3398 relique·
802 3326 815 3376 Ι
826 3366 834 3391 ,
849 3348 878 3393 a,
896 3344 941 3394 ra,
955 3342 1032 3382 uocat
1046 3330 1125 3399 longe
1138 3320 1256 3381 omnium
1269 3341 1313 3400 ty-

247 3422 295 3463 rat.
313 3440 348 3449 -
363 3413 452 3461 Patrioe
467 3410 595 3459 communis
611 3406 759 3478 eloquentiae.
800 3423 945 3459 munorum
955 3406 1202 3478 impotentissimum
1215 3418 1242 3458 et
1254 3406 1313 3459 vio-

248 3486 304 3541 Cic.
320 3486 354 3540 de
370 3488 442 3540 Orat.
457 3486 485 3551 Ῑ,
501 3492 516 3549 4
532 3503 538 3537 :
553 3484 653 3536 Atloenis
669 3504 760 3535 summa
800 3484 983 3538 lentissimum.
994 3516 1029 3525 -
1039 3484 1142 3537 cadram.
1154 3485 1256 3537 Octavo
1270 3498 1312 3560 ty-

247 3565 345 3619 dicendi
353 3570 392 3618 vis
403 3578 427 3617 et
440 3568 534 3617 inventa
545 3576 594 3627 est,
609 3575 633 3613 es
639 3562 758 3635 perstem.
800 3562 918 3616 renuidis
933 3580 1041 3629 mense,
1060 3581 1125 3634 ergo
1145 3564 1176 3614 t.
1194 3565 1229 3616 U.
1250 3563 1313 3617 350.

247 3644 321 3699 Idem
337 3646 365 3698 in
380 3646 461 3698 Bruto
474 3663 531 3717 cap.
547 3662 578 3696 ro
592 3660 599 3693 :
614 3645 639 3693 in
655 3662 684 3693 ea
702 3642 760 3693 urbe
802 3639 866 3695 Vid.
887 3641 1016 3695 Dodwelli
1027 3642 1172 3707 Chrouol.;
1185 3644 1311 3713 Xenoph.

248 3736 341 3775 etanta
354 3736 379 3776 et
390 3724 442 3775 alta
455 3735 491 3774 est
506 3722 648 3794 eloquentia.
663 3739 709 3773 au.
724 3752 759 3760 —
801 3718 945 3795 adolymp.
959 3720 1081 3790 93,d,et
1094 3728 1143 3789 94,
1159 3723 1313 3784 rets,ubi

248 3801 381 3854 Facundia
390 3802 460 3853 enim
469 3812 495 3853 et
504 3801 593 3867 litere,
602 3798 683 3853 veluti
695 3811 760 3851 tem·
800 3798 931 3865 ostendit,
940 3818 1027 3853 errare
1040 3799 1187 3852 Diodorum
1200 3799 1246 3871 qui
1260 3812 1312 3853 sta·

247 3878 335 3949 plum,
353 3879 465 3931 Athenas
479 3879 592 3943 habent,
611 3890 640 3930 ut
658 3878 693 3930 ait
712 3877 758 3943 11,
800 3890 874 3931 tuere
890 3876 1023 3943 videatur,
1042 3890 1167 3951 tyrannos
1182 3876 1217 3929 ad
1232 3876 1314 3945 hujus
1385 3888 1389 3895 '

247 3958 279 4020 6,
299 3960 324 4009 6.
347 3958 386 4009 De
406 3955 491 4027 patria
509 3957 595 4031 Lysiae
618 3954 679 4010 vide
700 3974 759 4027 quse
799 3955 1313 4031 olympiadislinem‚i.e.adA.lJ.353,

245 4034 336 4087 notavi
348 4031 382 4087 ad
395 4035 450 4086 Cic.
463 4036 537 4087 Brut.
552 4038 636 4099 raa.
666 4096 670 4103 ⁴
800 4035 942 4107 imperium
966 4035 1093 4100 tenuisse,
1119 4052 1201 4106 quum
1224 4046 1314 4099 nmen

281 4132 324 4167 η.
336 4114 444 4165 tractetis
454 4116 515 4163 muri
520 4154 528 4177 ,
543 4134 597 4186 quse
609 4112 689 4163 dhuta
699 4111 760 4188 sues
799 4114 904 4167 finitum
914 4115 947 4167 sit
956 4116 999 4168 vel
1008 4135 1051 4169 an.
1060 4114 1114 4179 Ι350
1128 4126 1258 4179 emenso,
1270 4115 1313 4167 vel

244 4205 309 4245 suat.
333 4193 364 4246 In
386 4191 508 4262 reliquias
531 4204 625 4265 portus
649 4190 759 4260 Piraei,
782 4190 850 4249 '3⁵1
871 4212 962 4248 meuse
980 4194 1093 4261 Martio,
1114 4194 1260 4249 substitutis
1280 4212 1312 4248 ιο
