2967 4684
251 387 319 461 508
675 385 693 455 J
703 384 798 456 UST
804 381 885 452 INI

110 490 119 508 ⁸
221 510 351 582 somni
369 509 529 580 exercitu
547 511 713 578 Romano
732 504 872 578 delevit.
890 506 1005 601 Hujus
1024 501 1121 576 filius
1136 503 1333 585 Pacorus}-

249 624 379 694 missus
392 619 438 691 ad
453 617 722 717 persequendas
739 617 895 688 Romani
909 614 996 687 belli
1011 614 1200 712 reliquias,
1213 633 1310 708 mag·

250 733 307 803 nis
323 729 434 802 rebus
451 729 491 799 in
505 730 605 825 Syria
622 729 746 826 gestis,
760 728 800 798 in
814 725 995 798 Parthiam
1013 728 1106 826 patri
1124 725 1328 820 suspectus

249 855 459 914 revocatur:
473 865 548 938 quo
562 839 729 927 absente,
745 839 923 910 exercitus
936 836 1154 908 Parthorum
1165 831 1310 904 relictus

249 955 289 1024 in
302 955 417 1050 Syria,
429 977 450 1022 a
462 953 603 1040 Cassio,
617 965 795 1050 quaestore
810 949 944 1036 Crassi,
957 957 1042 1020 cum'
1058 943 1231 1018 omnibus
1246 941 1330 1013 du··

221 1061 353 1136 acibus
371 1059 581 1134 trucidatur.
596 1062 659 1131 His
673 1063 722 1132 ita
737 1059 860 1158 gestis,
876 1083 955 1130 non
971 1083 1104 1156 magno
1121 1068 1205 1155 post
1222 1068 1311 1124 tem·

249 1194 359 1270 pore,
382 1172 555 1242 Romanis
578 1172 674 1242 inter
699 1175 875 1241 Caesarem
898 1171 1185 1266 Pompeiumque
1210 1161 1312 1236 civile

249 1279 385 1352 bellum
401 1281 537 1351 oritur:
552 1281 591 1349 in
607 1305 681 1378 quo
697 1279 821 1352 Parth‘i
840 1281 1138 1378 Pompeianarum
1156 1277 1311 1376 partium

250 1387 366 1479 fuere,
388 1405 424 1462 et
441 1405 591 1490 propter
610 1393 803 1463 amicitiam
823 1416 907 1463 cum
928 1393 1102 1491 Pompeio
1125 1388 1223 1462 bello
1245 1389 1311 1458 Mi·

249 1498 445 1570 thridatico
463 1501 646 1595 junctam,
666 1514 703 1568 et
728 1515 879 1597 propter
901 1503 1019 1573 Crassi
1043 1525 1187 1587 necem,
1212 1499 1312 1595 cujus

250 1609 365 1682 filium
380 1611 420 1679 in
436 1608 599 1706 partibus
611 1610 760 1680 Caesaris
778 1631 854 1680 esse
874 1609 1084 1680 audierant:
1097 1633 1206 1708 quem
1219 1606 1312 1677 ulto·

250 1745 327 1792 rem
346 1720 472 1818 patris,
486 1721 623 1824 victore
639 1723 793 1807 Caesare,
807 1716 971 1791 furiarum
990 1743 1068 1791 non
1085 1717 1311 1790 dubitabant

222 1836 377 1928 7Itaque
397 1829 500 1900 victis
512 1828 680 1928 'partibus
697 1830 941 1928 Pompeianis,
957 1845 995 1901 et
1008 1829 1130 1902 Cassio
1148 1832 1313 1899 et'Bruto

251 1940 380 2011 auxilia
405 1938 797 2038 adversusbugustum
820 1955 857 2013 et
881 1943 1083 2013 Antonium
1105 1939 1259 2010 misere:
1276 1951 1314 2010 et

251 2064 335 2148 post
346 2043 431 2122 belli
445 2047 558 2120 finem
573 2075 734 2137 rursum,
748 2055 885 2123 Pacoro
902 2051 1015 2142 duce,
1032 2053 1122 2122 inita
1142 2073 1227 2120 oum
1244 2054 1312 2122 La·

251 2157 363 2232 bieno
377 2161 566 2248 societate,
580 2163 718 2258 Syriam
732 2175 769 2233 et
782 2163 899 2234 Asiam
911 2177 1111 2248 vastavere3
1124 2174 1315 2257 castraque

251 2271 427 2360 Ventidii,
444 2273 506 2369 qui
523 2269 630 2371 (post
647 2273 826 2370 Cassium)
845 2271 995 2345 absente
1008 2277 1162 2360 Pacoro,
1179 2271 1313 2342 exerci-

252 2397 330 2454 tum
355 2383 563 2456 Parthicum
585 2381 747 2470 suderat,
768 2409 899 2484 magna
921 2383 1016 2455 mole
1042 2380 1314 2480 adgrediuntur.

223 2494 321 2568 sSed
332 2494 407 2584 ille,
418 2494 586 2568 simulato
599 2495 746 2586 timore,
758 2495 821 2569 diu
832 2494 1081 2583 eontinmtse,
1092 2505 1129 2564 et
1141 2489 1315 2564 insultare

250 2673 331 2727 Cisar
341 2687 369 2729 st
381 2674 525 2748 Pompks),
536 2690 631 2730 'somme
646 2677 667 2729 il
677 2691 763 2751 parta·
805 2699 866 2752 7¹¹·
879 2679 943 2734 Vid.
961 2681 1016 2735 Cic.
1031 2679 1133 2734 addis.
1147 2677 1244 2744 x1,et
1255 2695 1316 2752 qun

248 2755 317 2823 gear't
325 2753 377 2805 leur
384 2759 492 2808 autorr'td.
503 2755 529 2807 11
535 2757 647 2828 eunapii!
657 2759 765 2809 tdmlrai·
803 2758 841 2810 ibi
857 2758 886 2811 iu
899 2759 974 2812 Psoi,
987 2757 1044 2812 dixi
1061 2778 1103 2811 nr.
1119 2757 1149 2809 11
1167 2769 1194 2808 et
1211 2754 1266 2806 111.
1279 2785 1315 2796 -

250 2827 375 2882 remeatis
391 2849 479 2901 quere
495 2845 576 2885 corna
596 2833 630 2885 les
646 2835 747 2888 Parthas
753 2876 762 2901 ,
807 2835 920 2888 renudat.
937 2837 1010 2891 Inoo
1029 2835 1125 2889 humili
1143 2833 1212 2900 nati,
1234 2826 1314 2905 tinem

243 2910 342 2972 fiousts
354 2911 371 2960 ὰ
383 2911 419 2961 tut
429 2922 454 2960 st
464 2912 517 2962 dra
524 2915 613 2982 patrie
627 2918 672 2963 les
684 2919 763 2966 Arsa·
803 2926 900 2982 mater,
927 2913 997 2968 bello
1028 2913 1117 2967 sociali
1145 2931 1161 2966 ι
1186 2912 1314 2982 Pompeio

249 2985 314 3036 rides
334 2990 481 3058 ναίπῳιεισε
509 2989 649 3040 riasuitdrsnt
662 3009 713 3061 par
732 2991 764 3042 de
803 3003 898 3062 capta,
922 3005 982 3044 ante
1013 3009 1121 3045 currum
1149 2989 1315 3064 imperatoris

249 3063 347 3114 «nattes
358 3064 498 3116 willeriud
509 3065 643 3118 t'amtuion
654 3067 696 3119 des
711 3075 761 3121 Ro·
802 3070 989 3142 triumphantis
1002 3069 1030 3122 in
1047 3068 1107 3121 sinu
1124 3067 1199 3132 tuiit3
1215 3067 1315 3140 quique

249 3143 340 3204 maias,
353 3141 401 3192 sed
411 3141 523 3194 Vamrics
534 3142 660 3196 imatiabls
669 3145 701 3197 ds
711 3147 764 3200 leur
802 3165 836 3201 ex
849 3147 1035 3207 sordidissimis
1044 3146 1196 3200 maneribus
1208 3143 1240 3199 ad
1252 3161 1316 3197 oon·

247 3220 356 3291 glise'ral.
371 3237 418 3272 sn.
802 3227 914 3279 sarlatum
935 3238 1041 3279 evectus
1060 3226 1119 3278 init.
1142 3222 1210 3277 Ideo
1228 3223 1314 3278 Tacit.

284 3299 310 3350 6.
324 3298 495 3354 Mithridatico.
509 3301 576 3374 Cap.
591 3303 623 3369 3,
636 3311 660 3368 a.
673 3333 707 3344 -·
718 3306 761 3356 Vs·
802 3303 893 3358 Germ.
905 3303 1070 3376 37‚7:infm
1086 3301 1221 3354 Ventidius
1235 3301 1315 3372 dejes-

248 3375 314 3428 lium.
328 3377 368 3430 Μ.
382 3375 521 3445 Crassum
540 3381 605 3434 alter
623 3383 695 3436 enim
707 3383 761 3434 Pu·
801 3393 841 3434 tua
859 3386 956 3445 Oriens,
976 3383 1106 3456 abjectum
1122 3379 1240 3433 Orientis
1259 3391 1314 3433 sta·

248 3453 318 3507 biius
337 3471 398 3507 oum
418 3467 493 3527 patre
514 3459 628 3529 perierat
645 3462 669 3528 s.
690 3465 722 3524 4,
735 3471 763 3512 et
801 3473 859 3513 tum
870 3461 1042 3533 abjectissima
1053 3457 1227 3512 dominatoris
1239 3459 1315 3530 igno·

248 3532 381 3585 Plutarch.
395 3533 424 3584 in
434 3534 488 3588 rita
501 3535 586 3589 Crassi
596 3555 654 3610 cap.
669 3543 711 3592 26.
725 3567 761 3578 -
800 3538 900 3592 bilitate
913 3538 1084 3610 amplificans.
1099 3555 1144 3590 an.
1153 3567 1187 3577 -
1198 3536 1312 3588 Labieno.

248 3611 327 3666 Auno
341 3613 422 3666 Urbis
433 3621 560 3688 γοα-704.
800 3616 834 3669 Τ.
849 3617 995 3669 Labienum
1007 3617 1104 3668 Brutus
1117 3626 1193 3672 antea
1208 3614 1314 3667 miserat

284 3709 309 3761 7.
322 3691 506 3762 Vtcmparsiim
513 3697 670 3766 Pompeianis.
680 3693 760 3748 Victo
801 3693 834 3747 ad
853 3693 1010 3748 Parthorum
1027 3692 1122 3746 auxilia
1140 3689 1311 3744 sotieinmtr:

248 3768 377 3840 Pompeio
390 3787 405 3820 a
416 3769 516 3823 Casan
527 3770 557 3824 in
568 3772 668 3844 eampis
680 3772 760 3825 Phar·
800 3789 855 3844 quo
866 3789 908 3824 an.
919 3789 968 3842 7¹¹
979 3771 1075 3834 occiso,
1085 3770 1143 3841 ipse
1150 3769 1218 3841 reip.
1226 3781 1313 3841 partes

248 3845 333 3898 saiieis
344 3863 386 3898 an.
396 3847 463 3918 705,
473 3865 535 3901 eum
543 3847 683 3904 cantuset
694 3851 760 3902 Bru-
800 3861 892 3904 oontm
905 3850 1058 3903 triumviros
1069 3859 1231 3913 sustentans,
1254 3847 1313 3901 bel·

247 3924 401 3987 tus‚ooeiso
417 3923 517 3978 Caesare
530 3945 573 3979 an.
587 3945 656 3998 709,
667 3939 759 3982 oontn
799 3929 856 3981 ium
874 3928 1012 3980 continuat
1029 3939 1121 3981 sonna
1139 3923 1312 3990 Ventidium,

247 4001 423 4055 Octavianum
446 4003 645 4075 (Augustum),
675 4007 759 4058 Anto-
800 4005 910 4058 Antonii
923 4005 1049 4076 legatum

247 4079 324 4133 nium
336 4090 362 4131 et
375 4077 506 4149 lepidum
518 4083 687 4149 triumviros,
698 4100 760 4154 par·
834 4085 860 4137 8.
885 4083 1000 4134 &mulam
1023 4087 1114 4135 tinore.
1136 4080 1236 4152 Captus
1257 4091 1314 4134 arte

247 4171 287 4214 ssa
297 4156 447 4232 reipublice
455 4159 629 4232 sussepissent
639 4179 759 4234 an.7ro·
800 4157 1313 4230 manuuznsmmsaitftomlv,
