2967 4684
234 379 303 465 254
659 380 869 448 Jusrmt
920 388 927 404 ·
972 421 979 435 .

232 503 411 587 Statiram,
423 502 461 571 in
474 500 745 570 matrimonium
758 504 895 600 recepit
907 530 916 572 ε
928 501 991 605 sed
1004 519 1041 575 et
1055 504 1286 603 optimatibus

232 610 473 683 Macedonum
490 610 597 682 lectas
612 634 656 680 ex
674 611 844 682 omnibus
862 612 1028 709 gentibus
1050 613 1288 687 nobilissimas

232 724 387 821 virgines
407 720 570 807 tradidit,
587 736 628 793 ut
646 724 831 793 communi
849 720 944 795 facto
965 726 1104 797 crimen
1124 728 1217 824 regis
1238 725 1289 797 le·

233 848 384 906 varetur.

205 970 219 1007 1
280 947 340 1014 XI.
363 944 456 1013 Hinc
481 940 526 1013 ad
550 942 765 1013 concionem
785 947 981 1015 exercitum
1001 962 1126 1035 vocat3
1145 960 1182 1018 et
1203 967 1287 1045 pro-

232 1056 357 1143 mittit,
370 1083 387 1120 «
400 1078 437 1125 se
450 1078 497 1124 aes
508 1051 665 1125 alienum
679 1054 842 1125 omnium
857 1055 1005 1154 propria
1014 1058 1179 1155 impensa
1191 1057 1287 1127 solu·

233 1180 371 1252 turum,
383 1194 400 1229 a
413 1180 455 1235 ut
468 1164 623 1262 praedam
636 1164 853 1261 praemiaque
867 1166 1005 1262 integra
1019 1166 1147 1238 domos
1160 1166 1287 1239 ferant.

111 1258 116 1277 ,
205 1278 387 1374 ³Insignis
411 1273 487 1346 haec
512 1272 762 1345 munificentia
787 1299 864 1346 non
890 1301 1029 1348 summa
1049 1292 1207 1366 tantiam,
1227 1304 1288 1350 ve·

232 1412 313 1457 rum
332 1388 439 1458 etiam
456 1384 561 1457 titulo
579 1385 738 1455 muneris
755 1382 839 1472 suit,
854 1410 922 1455 nec
939 1412 959 1456 a
977 1386 1200 1460 debitoribus
1214 1414 1289 1459 ma·

232 1501 303 1595 gis,
326 1522 435 1596 quam
458 1524 478 1568 a
500 1493 738 1566 creditoribus
763 1495 897 1588 gratius
921 1511 1092 1593 excepta,
1116 1503 1289 1595 quoniam

204 1608 393 1703 tutrisque
415 1604 553 1675 exactio
578 1603 709 1700 pariter
732 1626 774 1672 ac
799 1602 932 1674 solutio
955 1604 1111 1677 difficilis
1134 1623 1219 1679 erat.
1242 1636 1290 1680 xx

204 1715 343 1786 tmillia
358 1714 534 1785 talentum
548 1712 586 1781 in
602 1710 669 1788 bos
685 1727 824 1783 sumtus
837 1738 1005 1812 expensa.
1020 1718 1182 1790 Dimissis
1194 1735 1290 1793 vete·

204 1825 347 1913 tranis,
361 1824 556 1894 exercitum
568 1822 775 1919 junioribus
791 1824 944 1922 supplet.
960 1825 1028 1897 Sed
1044 1834 1175 1901 retenti
1193 1846 1290 1903 rete·

232 1958 405 2007 ranorum
428 1933 621 2005 discessum
642 1958 733 2031 aegre
754 1932 927 2025 ferentes,
942 1938 1150 2010 missionem
1169 1956 1204 2012 et
1222 1944 1290 2041 ipsi

233 2044 461 2144 flagitabant:
477 2074 495 2110 «
508 2048 583 2116 Neo
599 2068 734 2133 annos,
751 2045 815 2116 sed
832 2047 1010 2145 stipendia
1029 2074 1091 2121 sua
1109 2057 1289 2124 numerari

231 2154 437 2253 jubebant:
459 2156 593 2253 pariter
617 2156 655 2227 in
680 2154 842 2228 militiam
866 2157 997 2248 lectos,
1019 2164 1153 2260 pariter
1175 2190 1290 2236 sacra·

206 2281 358 2338 omento
379 2264 472 2337 solvi
494 2290 638 2364 aequum
657 2281 867 2339 censentes:
882 2300 899 2335 n
923 2295 992 2342 nec
1011 2274 1085 2369 jam
1105 2275 1291 2373 precibus,

235 2377 296 2449 sed
310 2378 476 2449 convicio
487 2377 655 2475 agebant,
663 2376 833 2472 jubentes
845 2410 862 2445 κ
873 2405 956 2451 eum
968 2383 1084 2453 solum
1097 2409 1180 2455 cum
1191 2402 1292 2485 patre

235 2513 300 2559 suo
315 2494 515 2559 Hammone
529 2489 622 2558 inire
637 2484 747 2576 bella,
762 2504 940 2585 quatenus
955 2491 1085 2563 milites
1098 2518 1181 2565 suos
1195 2494 1291 2566 fasti-

208 2624 223 2678 7
236 2599 346 2672 diat.»
360 2604 496 2670 Contra
509 2599 568 2669 ille
582 2623 683 2670 nunc
696 2603 866 2700 castigare
879 2600 1023 2689 milites,
1035 2627 1134 2675 nunc
1148 2603 1291 2676 lenibus

236 2709 353 2782 verbis
373 2734 542 2797 monere,
558 2740 576 2774 α
590 2734 638 2779 ne
658 2709 848 2807 gloriosam
871 2709 1033 2782 militiam
1054 2711 1292 2784 seditionibus

209 2818 469 2891 sinsuscarent.
480 2850 497 2885 »
514 2818 567 2891 Ad
583 2834 826 2918 postremum,
841 2844 953 2917 quum
968 2820 1087 2893 verbis
1103 2822 1193 2893 nihil
1208 2849 1292 2922 pro·

236 2928 377 3018 ficeret,
390 2930 434 3001 ad
446 2930 695 3027 corripiendos
706 2930 892 3001 seditionis
902 2944 1083 3021 auctores,
1092 2957 1112 3003 e
1120 2932 1294 3005 tribunali

237 3043 277 3111 in
303 3042 519 3112 concionem
541 3055 711 3112 armatam
737 3044 886 3112 inermis
908 3044 983 3140 ipse
1011 3042 1157 3135 desiliit,
1178 3061 1215 3117 et
1231 3070 1294 3117 ne·

239 3152 336 3223 mine
350 3150 586 3251 prohibente,
598 3150 771 3223 tredecim
786 3166 993 3252 correptos,
1008 3178 1120 3225 manu
1139 3180 1202 3226 sua
1219 3156 1296 3255 ipse

238 3378 350 3431 filiarum
363 3376 542 3449 Hephaestioni
558 3374 643 3429 datin
656 3374 747 3427 matri-
784 3377 993 3447 purimeaecepta.
1003 3377 1042 3428 Ita
1052 3374 1295 3446 Nostersupralll,

239 3457 368 3522 monium,
376 3454 440 3507 ibid.
452 3486 487 3496 -
496 3462 629 3507 ῑινανετιιν.
641 3456 676 3506 Ut
682 3455 747 3505 leva-
789 3474 819 3517 s,
832 3473 865 3523 7,
877 3457 955 3523 magis
963 3454 1058 3503 clarior.
1074 3470 1120 3504 ro.

239 3538 273 3587 tio
285 3538 398 3587 oddonem
412 3532 483 3605 apud
497 3534 551 3587 Cic.
566 3534 625 3586 Fin.
638 3532 688 3597 tv,
700 3540 748 3597 st,
819 3534 1005 3595 ammixtum
1022 3531 1163 3601 Conficap.
1172 3546 1295 3601 inq-to.

242 3612 267 3667 ὅ.
278 3613 369 3667 Simile
380 3610 452 3684 apud
461 3610 540 3665 ovid.
552 3612 617 3664 Mes.
629 3610 672 3674 ΙΙ,
683 3612 747 3675 2813
821 3610 846 3662 ⁵.
858 3610 907 3660 Sed
915 3612 1001 3660 retenti
1017 3621 1069 3661 etc.
1091 3607 1169 3661 Conl'.
1183 3605 1294 3660 Diodor.

242 3690 303 3756 111,
318 3692 378 3745 338.
393 3692 455 3744 Non
466 3703 505 3743 est
516 3691 613 3761 igitur,
626 3708 674 3740 cur
686 3706 748 3741 cunr
788 3684 886 3752 XVII,
907 3704 1032 3755 109-110.
1047 3716 1080 3726 -
1098 3689 1220 3738 Pariter...
1237 3702 1295 3735 cen·

241 3768 353 3821 Trillero
365 3770 481 3840 corrigas
494 3770 667 3820 «κείνων.-
680 3771 747 3837 Opti·
787 3776 873 3817 sentes.
898 3766 988 3829 Quum
1014 3776 1169 3828 censerent,
1192 3782 1296 3834 equum

242 3846 351 3899 malibus
371 3848 511 3918 Octoginta
530 3865 564 3899 ex
575 3845 627 3897 suis
640 3845 748 3911 imici„
788 3862 857 3911 esse,
867 3862 908 3907 se,
921 3864 1005 3915 quum
1022 3844 1122 3915 pariter
1134 3843 1162 3895 in
1177 3843 1297 3896 militiam

242 3925 594 3989 necnonropoomilitibus,
602 3940 697 3976 uxores
704 3924 749 3977 hic
789 3922 897 3976 luissent
909 3923 982 3987 lecti,
1004 3923 1102 3995 pariter
1118 3940 1226 3995 quoque
1241 3924 1296 3994 jam

243 4000 398 4054 ducentibus
406 4004 475 4075 (cap.
486 4011 518 4069 4,
529 4006 569 4072 s),
583 4001 687 4071 nuptias
701 4020 750 4055 suo
790 4014 950 4055 sacramento
962 4002 1037 4055 solvi.

243 4079 482 4152 summadpsravlt.
824 4085 850 4134 6.
865 4084 997 4151 Campam
1009 4098 1052 4133 suo
1062 4085 1200 4133 Hammone.
1215 4080 1297 4132 Dete

277 4158 328 4211 XI.
341 4179 365 4213 s.
383 4164 435 4211 Nec
448 4180 463 4211 a
481 4156 625 4211 debitoribus
644 4164 749 4229 magis...
791 4172 877 4214 autem
888 4160 988 4229 respice
1000 4158 1056 4225 xl,
1067 4178 1115 4225 ιι,
1130 4180 1156 4231 7.
