2967 4684
432 301 812 371 HISTORIARUM
838 304 995 375 LIBER
1020 310 1063 374 X.
1207 306 1276 377 215

192 541 198 550 ¹
213 538 1277 569 fflfflffltmmmmmmmmm

573 668 809 833 trouu
854 734 916 835 x.

215 1172 241 1239 1.
260 1136 499 1252 Atrinum,
521 1170 596 1265 regi
616 1171 825 1266 Persarum,
845 1194 890 1239 ex
912 1165 1100 1267 pellicibus
1122 1191 1191 1241 cxv
1213 1166 1305 1239 filii1

214 1275 333 1367 fuere,
356 1277 419 1349 sed
444 1292 518 1351 tres
547 1292 688 1353 tanturn
715 1282 813 1377 justo
838 1279 1070 1355 matrimonio
1098 1282 1278 1377 suscepti,

213 1391 358 1477 Darius,
378 1387 598 1477 Ariarathes,
617 1405 653 1463 et
672 1390 806 1463 Ochus.
826 1396 879 1463 Ex
900 1389 957 1463 his
979 1392 1129 1461 Darium
1151 1404 1305 1461 contras

214 1523 352 1571 morem
367 1502 571 1589 Persarum,
584 1500 681 1600 apud
698 1526 790 1599 quos
803 1526 867 1573 rex
882 1526 962 1573 non
979 1502 1050 1571 nisi
1063 1515 1181 1571 morte
1197 1524 1278 1574 mu·

213 1624 323 1697 tatur,
337 1633 402 1709 per
420 1608 684 1709 indulgentiam
701 1628 804 1711 pater
822 1636 944 1709 regem
957 1613 1058 1681 vivus
1069 1608 1172 1697 fecit,
1185 1608 1306 1680 nihils

213 1718 279 1792 sihi
301 1718 461 1791 ablatum
482 1722 708 1811 existimans,
727 1721 829 1822 quod
851 1724 891 1793 in
913 1719 1028 1794 filiunt
1047 1718 1279 1807 contulisset,

212 1831 458 1927 sinceriusque
487 1831 656 1928 gaudium
685 1857 728 1903 ex
754 1834 1009 1933 procreatione
1034 1846 1225 1931 capturus,
1248 1832 1279 1899 si

211 1940 366 2038 iusignia
380 1942 572 2037 majestatis
586 1968 658 2015 suae
671 1946 773 2015 vivus
788 1948 828 2014 in
845 1940 922 2015 filio
939 1942 1194 2039 conspexisset.
1208 1940 1277 2011 Sed
1291 1960 1307 2017 t

211 2054 359 2139 Darius,
377 2067 459 2151 post
480 2078 575 2127 nova
595 2070 756 2153 paternae
779 2055 921 2153 pietatis
941 2049 1120 2149 exempla,
1139 2048 1277 2121 interfi-

212 2162 331 2235 ciendi
361 2164 471 2260 patris
503 2165 694 2239 consilium
724 2167 852 2262 cepit:
877 2161 1090 2250 sceleratus,
1120 2164 1149 2235 si
1180 2161 1305 2235 soluss
1347 2201 1358 2226 f

211 2272 442 2372 parricidium
477 2274 688 2371 cogitasset,
716 2287 819 2345 tanto
851 2272 1078 2357 sceleratior,
1106 2270 1206 2367 quod
1235 2273 1276 2340 in

211 2384 416 2455 societatem
445 2382 614 2455 facinoris
643 2384 828 2457 adsumtos
857 2384 1121 2481 quinquaginta
1147 2379 1276 2453 fratres

210 2492 295 2564 secit
313 2493 515 2593 parricidas.
536 2496 677 2566 Ostenti
702 2519 852 2593 prorsus
874 2519 1008 2593 genus,
1024 2492 1087 2564 ubi
1110 2494 1148 2564 in
1172 2507 1304 2565 tantos

210 2604 347 2704 populo
363 2629 440 2675 non
455 2604 571 2677 solum
588 2606 733 2693 sociari,
748 2631 875 2677 verum
890 2608 997 2679 etiam
1017 2590 1111 2677 sileri
1131 2606 1276 2702 parrici-

212 2715 309 2787 dium
322 2716 457 2814 potuit;
469 2730 508 2787 ut
518 2742 561 2787 ex
574 2718 839 2815 quinquaginta
849 2716 973 2791 liberis
985 2740 1094 2787 nemo
1105 2718 1275 2787 inventus

212 2828 273 2916 sit,
291 2851 401 2925 quem
423 2840 484 2898 aut
505 2842 655 2927 paterna
675 2828 861 2924 majestas,
880 2842 943 2901 ant
957 2827 1142 2899 veneratio
1159 2830 1276 2911 senis,

212 2952 273 3010 aut
290 2937 514 3035 indulgentia
536 2939 665 3036 patris,
681 2964 702 3009 a
717 2954 819 3011 tanta
833 2939 1057 3010 immanitate
1079 2951 1273 3010 revocaret.

211 3049 359 3122 Adeone
375 3048 444 3120 vile
464 3064 655 3148 paternum
671 3074 809 3121 nomen
827 3050 923 3148 apud
941 3063 995 3121 tot
1010 3073 1164 3121 numero
1179 3045 1304 3160 filiosp
1376 3122 1381 3129 ,

189 3220 191 3231 ’
244 3223 722 3295 I.r.Arta.aerael.Muemoni,deqao
764 3243 851 3287 mans,
885 3222 959 3294 quod
991 3218 1146 3274 notandum.
1183 3220 1276 3272 Solent

211 3304 318 3356 consule
329 3302 385 3356 iud.
395 3342 403 3367 ,
414 3321 545 3374 quemque
557 3300 648 3371 (Diod.
660 3301 722 3367 XV,
764 3304 864 3373 quippe
877 3301 921 3353 alii
934 3301 970 3351 ita
983 3299 1071 3370 loqui,
1084 3299 1192 3369 ipseque
1204 3298 1273 3349 Nos-

210 3380 261 3449 93‚
282 3400 353 3435 anno
375 3379 481 3433 denium
507 3380 587 3433 Urbis
610 3378 723 3434 conditae
764 3392 805 3433 ter
817 3378 922 3432 alicubi.
936 3376 1007 3429 Vide
1017 3394 1096 3449 supra
1110 3374 1160 3437 IV,
1170 3394 1197 3444 7.
1208 3392 1254 3426 ro.

210 3458 277 3527 392,
290 3459 391 3531 olymp.
407 3464 470 3523 roa,
481 3458 514 3526 3)
526 3456 648 3530 equidem
662 3476 723 3511 euru
799 3462 824 3512 6.
840 3460 933 3509 Ostenta*
939 3475 1038 3527 prorsus
1050 3474 1127 3525 graus
1142 3452 1212 3504 nli...
1224 3472 1273 3524 po-

210 3536 331 3603 Petrrio,
340 3556 382 3591 sn.
391 3540 446 3610 jun
460 3538 510 3590 388
523 3548 658 3589 monuuru
671 3548 722 3590 sta·
763 3540 817 3590 tuit.
831 3534 1025 3589 Freinshemius
1038 3534 1067 3585 in
1080 3531 1149 3584 notis
1160 3530 1194 3583 sd
1205 3531 1273 3583 Cur·

209 3625 266 3672 tuo.
275 3646 308 3655 -·
317 3614 451 3667 retentu.
461 3616 579 3680 Quarum
589 3614 723 3685 sexaginta
764 3618 831 3670 tium
840 3613 929 3678 VIII,
941 3616 974 3677 6,
988 3632 1034 3677 ts,
1046 3608 1188 3682 legendum
1198 3623 1275 3681 putat

210 3705 236 3744 et
249 3704 378 3746 trecentas
396 3694 532 3747 Artaxerxi
550 3693 642 3746 tribuit
660 3694 723 3745 Plu·
764 3696 915 3765 utipotuerit,
926 3706 1084 3762 quamquain
1092 3705 1184 3739 omnes
1192 3687 1274 3741 codd.

210 3772 316 3823 trrchus
330 3772 358 3823 iu
372 3774 430 3844 ejus
442 3772 495 3825 rita
509 3790 565 3842 cap.
585 3772 626 3837 43.
648 3772 723 3825 Toti·
764 3774 807 3825 ubi
817 3773 929 3834 habeut,
949 3782 976 3821 et
991 3767 1118 3830 verbnm,
1136 3786 1191 3818 non
1208 3768 1272 3820 suh·

208 3846 271 3901 dem
280 3850 362 3903 Dario
373 3849 480 3901 Curtius
490 3850 549 3913 Ill,
559 3850 590 3915 3,
602 3850 648 3915 363
660 3850 723 3921 ipsi·
763 3850 877 3924 junctiri
893 3847 939 3901 sed
958 3844 1093 3898 indicativi
1113 3844 1188 3896 modi
1205 3846 1272 3917 adji—

210 3945 263 3999 que
284 3926 454 3993 Alexandro,
475 3928 584 3981 Persicis
606 3928 723 3981 moribus
763 3928 842 3983 citur.
850 3927 896 3980 nil
906 3926 983 3979 nobis
991 3922 1147 3976 mutandum
1156 3922 1271 3979 ridetur.

209 4018 352 4078 corrupto,
362 4003 433 4057 idem
446 4005 586 4071 v1‚s,tt.
601 4024 647 4059 ru.
765 4026 811 4062 sn.
824 4039 859 4049 -
871 4010 945 4059 seris
957 4006 1094 4056 Annorum
1104 4008 1148 4071 94.

250 4084 275 4137 3.
285 4088 442 4139 Existbssnr.
454 4086 532 4141 MSS.
546 4085 644 4143 hebent
658 4089 723 4139 oestr'·
799 4104 825 4159 7.
837 4116 872 4129 -
880 4088 959 4139 Auno
969 4083 1050 4138 Urbis
1060 4080 1174 4137 conditu
1185 4082 1247 4138 388.
