2967 4684
397 371 780 444 HISTORIARUM
805 372 962 441 LIBER
991 372 1070 441 XV.
1197 373 1261 466 29'1

206 518 310 591 rege,
335 494 484 563 morin
509 506 623 563 matre
644 491 720 587 ejus
746 488 957 590 Olympiade
986 516 1027 563 ac
1052 490 1128 563 filio
1154 490 1267 562 admi-

209 605 330 690 sisset,
355 602 508 674 alterum
532 625 680 699 quoque
706 599 820 671 filium
849 626 932 673 cum
958 618 1072 674 matre
1099 606 1295 692 Roxane,⁵

121 786 124 795 ,
208 716 286 813 pari
302 712 428 786 fraude
443 710 616 785 interficit
629 738 638 781 ε
653 710 807 800 scilicet,
819 715 921 808 quasi
933 737 1088 810 regnum
1104 712 1270 783 Macedo·

210 827 299 911 niae,
317 823 417 924 quod
434 822 653 911 adfectabat,
667 822 771 894 aliter
789 825 979 920 consequi,
993 848 1103 921 quarn
1119 824 1269 911 scelere,

209 960 288 1007 non
304 951 434 1035 posset.
446 940 589 1007 Interea
602 933 814 1005 Ptolemaeus
831 958 914 1005 curn
934 936 1135 1023 Demetrio,
1150 934 1297 1009 navalis

209 1045 347 1143 prelio,
359 1047 487 1117 iterato
504 1044 749 1143 congreditur,
762 1059 799 1115 et
814 1045 940 1117 amissa
958 1045 1085 1134 classe,
1100 1046 1270 1145 hostique

208 1180 379 1228 concessa
406 1158 580 1244 victoria,
606 1158 645 1225 in
675 1160 865 1254 AEgyptum
893 1154 1034 1253 refugit.
1065 1161 1297 1243 Demetrins7

207 1262 322 1336 lilium
344 1265 525 1337 Ptolemaei
545 1267 797 1354 Leontiscum,
817 1280 852 1336 et
871 1264 1019 1338 fratrem
1043 1267 1269 1359 Menelaum,

207 1378 415 1475 arnicosque
437 1377 515 1472 ejus
538 1400 622 1447 cum
645 1377 773 1474 privati
798 1378 1030 1447 instrumenti
1051 1377 1271 1465 ministeriO,

207 1490 285 1585 pari
301 1502 519 1586 provocatus
536 1501 641 1557 antea
653 1509 826 1575 munere,
841 1489 1031 1586 AEgyptum
1046 1488 1218 1558 remittit:
1234 1504 1299 1561 ets

208 1612 249 1667 ut
269 1612 459 1696 appareret
480 1621 543 1668 eos
569 1620 647 1667 non
669 1594 775 1684 odio,
798 1596 861 1666 sed
881 1596 1064 1693 dignitatis
1082 1596 1194 1693 gloria
1212 1622 1270 1669 ac-

209 1731 358 1797 censos,
373 1706 481 1780 donis
498 1707 786 1805 muneribusque
804 1708 899 1778 inter
917 1710 993 1805 ipsa
1007 1705 1102 1779 bella
1121 1722 1270 1779 conten-

207 1817 353 1890 debant.
368 1823 485 1891 Tanto
503 1818 692 1891 honestius
706 1834 797 1890 tunc
810 1816 902 1889 bella
915 1817 1146 1916 gerebantur,
1161 1844 1298 1918 quame

207 1952 309 2002 nunc
318 1932 481 2001 amicitiae
494 1929 676 2002 coluntur
686 1934 762 2001 Hac
772 1931 919 2001 victoria
931 1930 1044 2003 elams
1054 1933 1270 2029 Antigonus,
1284 1962 1315 1996 ιο

206 2064 328 2137 regem
340 2064 379 2112 se
394 2065 478 2112 cum
491 2043 676 2113 Demetrio
689 2038 764 2111 filio
783 2040 953 2163 appellari
967 2067 987 2113 a
1002 2042 1141 2140 populo
1154 2042 1271 2138 jubet

207 2150 418 2221 Ptolemaeus
432 2174 597 2247 quoque,
612 2175 659 2221 ne
673 2152 826 2222 minoris
839 2150 935 2251 apud
949 2175 1032 2221 suos
1046 2154 1269 2223 auctoritatis
1284 2181 1313 2215 11

207 2257 424 2346 haberetur,
447 2283 513 2329 rex
540 2259 587 2329 ab
619 2261 780 2330 exercitu
813 2262 1098 2357 cognominatur.
1128 2260 1269 2349 Quibus
1284 2292 1315 2327 n

207 2366 355 2456 auditis,
372 2367 575 2440 Cassander
592 2383 630 2439 et
645 2367 896 2464 Lysimachus,
909 2384 945 2441 et
963 2371 1030 2468 ipsi
1049 2372 1183 2466 regiam
1200 2370 1269 2442 sibi
1364 2466 1370 2473 .

204 2480 425 2575 majestatem
443 2477 729 2550 vindicaverunt
745 2480 859 2575 Hujus
877 2478 1029 2551 honoris
1044 2484 1268 2552 ornamentis
1282 2495 1314 2547 13

205 2590 342 2663 tamdiu
363 2614 492 2663 omnes
512 2589 787 2679 abstinuerunt,
809 2589 984 2688 quamdiu
1006 2587 1071 2659 filii
1094 2593 1186 2688 regis
1210 2593 1267 2663 sui

203 2728 390 2802 superesse
412 2717 623 2804 potuerunt
647 2706 761 2773 Tanta
783 2704 823 2772 in
848 2701 917 2773 illis
939 2701 1158 2774 verecundia
1179 2700 1268 2790 fuit,
1283 2722 1313 2777 rt
1379 2726 1383 2735 ·

203 2829 262 2903 ut,
276 2839 391 2911 quum
409 2838 499 2913 opes
516 2815 631 2911 regias
648 2812 847 2900 baberent,
862 2836 990 2911 regum
1007 2828 1130 2885 tamen
1148 2814 1267 2886 nomi·

239 3070 264 3119 6.
271 3065 457 3137 Navalipmlio.
464 3066 542 3119 Coni.
550 3064 714 3131 Diodxlx,
754 3084 803 3137 pra
815 3064 859 3131 11,
871 3084 917 3132 ro,
933 3084 961 3119 rr
972 3104 982 3131 ,
993 3066 1028 3120 de
1038 3066 1116 3120 simili
1128 3068 1265 3121 sententia.

203 3144 254 3212 93,
264 3157 291 3197 et
302 3145 373 3209 XX,
388 3146 485 3213 49-5ι,
504 3147 536 3196 Α.
547 3146 583 3199 U.
599 3152 660 3215 447.
679 3174 715 3186 -·
792 3162 832 3196 ro.
845 3150 899 3197 Bac
910 3148 1024 3197 vr'ctorr'a.
1034 3146 1096 3199 Non
1108 3148 1193 3199 statim
1206 3158 1267 3218 post

204 3224 283 3275 Anno
295 3222 376 3276 Urbis
390 3230 450 3288 44¹·
754 3221 824 3275 banc
833 3224 970 3278 victoriam
982 3243 1052 3277 anno
1063 3226 1128 3289 445,
1139 3223 1185 3277 sed
1196 3242 1266 3277 anno

239 3320 265 3372 7.
276 3306 336 3352 Pari
345 3319 450 3353 numae.
460 3300 526 3371 Cap.
540 3319 568 3366 1,
580 3302 605 3354 8.
754 3299 864 3354 demum
873 3310 939 3372 447,
952 3304 1053 3378 olymp.
1068 3306 1132 3367 118,
1144 3302 1265 3367 2,Diod.

238 3381 265 3431 t.
276 3386 311 3431 Et
322 3391 350 3431 ot
360 3390 498 3451 appareret,
515 3392 565 3431 etc.
583 3381 667 3450 Atque
683 3390 714 3430 ut
754 3380 820 3446 XX,
836 3382 877 3434 53.
891 3382 1040 3453 Antigonus
1057 3396 1144 3435 autern
1158 3382 1266 3434 univer-

203 3456 372 3511 ostenderent
383 3457 624 3522 omnibus,senon
635 3456 712 3532 odio,
754 3478 813 3511 sum
830 3460 972 3531 imperium
991 3459 1132 3512 Alexandri
1150 3459 1267 3513 adfecte·

202 3536 249 3589 sed
262 3536 398 3609 dignitatis
410 3535 492 3608 gloria
504 3542 578 3609 (cap.
591 3555 619 3598 r,
629 3538 663 3606 9)
672 3554 713 3589 sc·
753 3536 885 3603 batomni
894 3537 972 3608 hujus
979 3538 1060 3609 stirpe
1067 3536 1161 3603 deleta,
1167 3538 1267 3609 quippo

202 3632 296 3669 censos
311 3617 411 3686 (esse),
422 3615 647 3669 eontcndebant...
665 3614 713 3669 Sin
753 3617 833 3688 regie
840 3616 895 3688 ipse
904 3614 1028 3688 originis,
1042 3628 1068 3668 et
1079 3615 1113 3668 ad
1119 3616 1266 3668 Temenum

202 3695 286 3749 mavis
296 3712 357 3748 cum
367 3696 468 3768 aliquot
475 3694 554 3749 codd.
564 3693 594 3751 el
604 3696 713 3747 etomit·
754 3694 827 3763 (rid.
839 3707 895 3747 not.
907 3693 940 3745 ad
953 3693 1025 3760 Vll,
1038 3712 1067 3758 r,
1078 3696 1111 3765 7)
1125 3710 1209 3765 genus
1221 3712 1266 3747 re·

203 3782 273 3838 tere,
291 3786 367 3844 potes
385 3792 493 3845 quoqne
510 3792 572 3827 curn
590 3773 713 3845 Dresigio
753 3774 849 3827 serens.

202 3867 336 3921 corrigere
348 3852 501 3915 comaclen
514 3852 614 3906 rerba
606 3864 642 3905 ita
653 3864 713 3923 apte
791 3872 832 3907 rr.
842 3854 966 3905 -Anno
977 3850 1059 3905 Urbis
1072 3849 1244 3905 conditae
1194 3852 1257 3915 44

202 3935 389 4003 conjungens:
404 3934 536 3983 Demetrio
549 3934 673 3983 remim...
687 3942 716 3982 ot
793 3949 834 3985 rs.
843 3938 864 3984 L
860 3932 1006 4007 simachus
1014 3932 1070 3985 Nec
1078 3950 1134 3985 non
1143 3932 1268 3985 Seleucus

203 4022 340 4080 appareret,
354 4010 557 4064 wscontendm.
756 4008 847 4084 Syrie.

239 4106 264 4156 9
274 4094 358 4156 ριωιι
368 4090 460 4142 Plures
468 4090 524 4143 alise
533 4088 662 4143 editiones
671 4089 717 4143 ba·
794 4098 835 4155 14.
852 4094 957 4142 Tanta..
970 4088 1101 4156 leresfelt.
1115 4046 1174 4142 Hoc
1187 4086 1272 4139 credat

204 4163 414 4239 bentetquanto.
423 4186 470 4222 sn
481 4170 557 4222 Coos.
570 4182 658 4221 autem
675 4188 717 4221 sn·
758 4169 856 4221 Iadoeur
871 4168 974 4241 Apella!
988 4169 1050 4233 Quo
1065 4166 1171 4221 tandem
1187 4164 1269 4223 modo
