2967 4684
378 392 761 463 HISTORIARUM
786 393 945 463 LIBER
967 396 1078 464 VIII.
1191 407 1256 489 197

196 523 296 609 patas
314 508 481 611 diripuit;
508 512 679 610 conjuges
696 510 902 611 liberosque
921 516 1086 585 omnium
1106 513 1173 586 sub
1197 529 1288 585 co-3

197 642 289 693 rona
297 620 478 693 vendidit:
492 646 569 693 non
580 621 731 693 deorum
743 623 999 694 immortalium
1011 622 1170 722 templis,
1180 638 1289 696 nont

196 730 334 803 aedibus
345 732 473 820 sacris,
484 756 561 804 nou
575 730 641 803 diis
652 731 847 829 penatibus
858 734 1013 832 publicis
1023 736 1260 833 privatisque,

197 840 243 912 ad
259 866 352 938 quos
368 842 489 941 paullo
505 856 590 914 ante
606 844 789 941 ingressus
805 842 1031 942 hospitaliter
1047 842 1177 935 luerat,
1198 872 1260 945 pe-

198 952 335 1049 percit:
350 975 517 1049 prorsus,
529 965 571 1022 ut
588 976 666 1023 non
685 966 758 1023 tarn
772 954 945 1053 sacrilegii
958 954 1057 1026 ultor
1069 956 1260 1046 exstitisse,
1272 960 1289 1020 ὅ

178 1084 308 1157 ¹quam
343 1060 611 1159 sacrilegiorum
649 1061 832 1135 lIcentiam
868 1067 1035 1162 quaesisse
1068 1063 1259 1139 vIderetur.

197 1168 306 1253 Inde,
319 1168 428 1240 veluti
444 1169 555 1242 rebus
568 1173 706 1269 egregie
718 1176 841 1270 gestis,
854 1176 896 1245 in
905 1174 1171 1274 Cappadociam
1190 1192 1289 1248 tra-o

195 1279 298 1374 jicit:
321 1278 406 1368 ubi,
429 1278 527 1351 bello
553 1283 631 1379 pari
658 1280 809 1380 perfidia
835 1298 956 1381 gesto,
983 1285 1169 1383 captisque
1195 1310 1262 1385 per

198 1388 323 1461 dolum
338 1405 374 1461 et
389 1393 518 1462 occisis
535 1388 699 1463 finitimis
714 1392 875 1490 regibus,
892 1397 1096 1464 universam
1115 1398 1261 1493 provio-

199 1502 291 1572 ciam
309 1502 460 1600 imperio
475 1500 697 1573 Macedonia
711 1504 884 1601 adjungit
897 1503 1039 1576 Deinde
1052 1503 1098 1574 ad
1112 1504 1289 1586 abolen-7

200 1609 283 1683 dam
310 1610 468 1711 perfidia·
497 1610 648 1699 famam,
673 1638 744 1711 qua
773 1616 926 1712 insignis
954 1630 1084 1712 praeter
1112 1628 1262 1687 ceteros

200 1737 289 1793 tune
315 1726 488 1822 temporIs
513 1722 735 1813 habebatur,
755 1748 821 1823 per
844 1748 955 1822 regna
978 1726 1089 1796 mittit
1113 1738 1149 1796 et
1170 1750 1261 1824 opu-

198 1830 413 1905 lenh'ssimas
434 1836 614 1920 civitates,
632 1838 695 1932 qui
713 1837 929 1934 opinionem
945 1848 1126 1921 sererent,
1141 1852 1291 1932 regemn

199 1944 406 2044 Philippum
428 1968 558 2042 magna
579 1949 735 2045 pecunia
755 1945 875 2017 locare
897 1961 934 2017 et
950 1970 1077 2017 muros
1094 1970 1159 2044 per
1177 1947 1263 2016 civi-

198 2070 304 2146 tates,
317 2072 355 2127 et
370 2054 472 2137 sana,
488 2070 525 2126 et
542 2055 675 2155 templa
692 2054 874 2143 facienda;
890 2072 927 2127 et
939 2070 981 2127 ut
995 2082 1061 2154 per
1077 2080 1263 2153 praecones
1330 2072 1335 2085 ·

196 2182 426 2265 susceptores
453 2166 682 2237 solicitarent.
705 2169 777 2255 Qui
802 2191 915 2263 quum
942 2170 981 2235 in
1010 2167 1290 2249 Macedoniame

197 2282 397 2365 venissent,
410 2280 515 2349 variis
533 2276 769 2347 dilationibus
785 2275 963 2363 frustrati,
978 2276 1051 2345 vim
1067 2276 1172 2371 regite
1187 2300 1261 2345 ma-

196 2388 332 2484 jestatis
359 2391 548 2467 timentes,
575 2389 672 2457 taciti
705 2381 1042 2485 proficiscebantur.
1068 2388 1155 2455 Post
1182 2384 1261 2455 haec
1275 2420 1308 2455 ιο

199 2496 393 2594 Olynthios
413 2496 619 2595 adgreditur
640 2523 648 2566 ε
668 2511 884 2593 receperant
908 2496 1008 2567 enim
1032 2519 1098 2593 per
1124 2498 1261 2565 miseri-

200 2606 377 2697 cordiam,
394 2622 476 2707 post
491 2605 626 2679 caedem
644 2608 774 2693 unius,
794 2606 886 2676 duos
909 2602 1037 2675 fratres
1057 2606 1151 2699 ejus,
1169 2629 1263 2701 quos

199 2718 385 2819 Philippus
400 2744 444 2789 ex
458 2741 614 2789 noverca
627 2718 785 2815 genitos,
799 2716 907 2787 veluti
926 2716 1123 2813 participes
1137 2716 1259 2810 regni,

199 2828 405 2901 interficere
423 2828 604 2927 gestiebat.
625 2826 683 2900 Ob
707 2826 805 2897 hanc
826 2830 936 2924 igitur
954 2848 1116 2897 caussam
1132 2825 1306 2897 urbemn

200 2941 386 3038 nunquam
396 2955 433 3011 et
442 2939 604 3010 nobilem
613 2937 805 3026 exscindit,
813 2953 848 3009 et
855 2935 982 3008 fratres
989 2936 1076 3007 olim
1083 2935 1263 3009 destinato

200 3052 375 3151 supplicio
389 3049 513 3137 tradit,
524 3049 714 3147 praedaque
728 3049 868 3145 ingenti
882 3051 1016 3146 pariter
1030 3062 1066 3118 ct
1079 3049 1264 3145 parricidii

199 3176 284 3233 voto
298 3160 439 3235 fruitur.
453 3160 562 3248 Inde,
576 3164 678 3258 quasi
694 3164 832 3247 omnia,
849 3183 927 3256 quae
943 3159 1108 3255 agitasset
1124 3161 1309 3247 auimo,12

236 3326 261 3383 4.
275 3319 437 3391 Hospitaliter.
451 3317 501 3371 Per
516 3317 712 3389 oppositionem
786 3336 812 3387 7.
827 3314 947 3385 Perfidae.
967 3316 1042 3368 Hanc
1058 3315 1176 3367 Freinsh.
1197 3333 1264 3367 con-

201 3395 234 3451 ad
244 3398 393 3465 hosti'h‘tersi
407 3418 437 3461 a,
450 3409 582 3468 tamqnam
592 3396 676 3467 hospes
686 3409 713 3449 et
750 3396 879 3466 jacturam
896 3394 999 3463 recepi,
1014 3390 1176 3463 adprobante
1188 3393 1263 3445 Grae·

201 3479 304 3541 meus,
322 3489 352 3530 ut
367 3474 513 3529 ridendum
525 3488 564 3529 est
573 3475 645 3548 apud
654 3476 710 3531 [ἂν.
752 3472 815 3536 rio,
827 3490 879 3542 pro
889 3471 992 3523 moldioe.

201 3554 261 3620 vl,
274 3553 512 3622 263x111,3oea
526 3558 568 3617 54.
789 3553 814 3605 8.
825 3556 860 3601 Et
866 3548 933 3614 fana
942 3563 968 3600 et
976 3548 1071 3618 canpto.
1082 3547 1161 3618 Angli
1170 3548 1230 3612 som
1242 3560 1268 3598 et

236 3636 263 3687 6.
284 3632 468 3705 cappadociam
487 3636 665 3704 Cora-aptum,
684 3643 715 3683 ut
754 3632 852 3702 templa,
867 3647 916 3681 nee
929 3630 1005 3680 male.
1019 3645 1066 3679 rto.

200 3709 321 3777 videtur,
338 3728 371 3763 ex
387 3714 539 3781 eassoptan,
556 3708 629 3783 quod
648 3728 713 3761 ron·
792 3727 832 3761 ro.
842 3707 967 3758 Posthoec.
979 3703 1112 3756 Diodorus
1121 3702 1205 3768 XVI,
1218 3706 1266 3771 53,

199 3789 259 3861 jicit
268 3789 389 3842 Valesius
399 3787 432 3841 ad
443 3790 587 3859 Harpocr.;
598 3800 643 3839 ant
655 3789 714 3858 lege
754 3788 824 3840 hano
832 3786 924 3837 urbem
934 3779 1085 3853 proditione
1094 3794 1197 3852 captam
1207 3802 1265 3836 nar·

202 3884 263 3919 cum
275 3866 350 3920 lunt.
361 3879 388 3919 et
399 3866 460 3920 Ald.
474 3868 611 3929 Thraciam,
624 3877 669 3918 aut
682 3884 715 3917 ex
755 3874 796 3917 rat
806 3864 906 3935 olymp.
920 3862 984 3924 roll,
998 3878 1025 3920 1,
1036 3861 1069 3911 A.
1078 3860 1113 3910 U.
1126 3863 1190 3924 4063
1201 3880 1265 3931 ergo

203 3944 325 3997 Diodoro
340 3944 513 4006 Chalcidicam,
525 3944 645 4013 Thracia
654 3962 715 4013 par·
755 3942 827 3995 bello
834 3940 881 3992 illo
889 3956 962 3991 sacro
971 3934 1091 3989 nondum
1099 3936 1175 3990 linito
1181 3940 1224 4006 (A.
1231 3940 1268 3991 U.

202 4033 267 4075 tem.
275 4022 308 4076 ln
318 4020 514 4095 Cappadociam
522 4036 607 4083 certe,
619 4023 646 4073 iu
657 4019 716 4072 Asia
759 4023 820 4085 408,
827 4036 885 4089 cap.
897 4020 1024 4083 utnon).
1031 4015 1178 4087 Philippus,
1188 4036 1268 4089 prop-

203 4102 308 4153 minore
325 4101 414 4166 sitam,
427 4101 567 4172 Philippus
582 4118 718 4172 nunquam
758 4113 800 4152 ter
809 4096 883 4169 qood
893 4096 963 4149 bane
976 4094 1070 4147 urbem
1082 4110 1194 4159 emerat,
1204 4094 1268 4148 inde

178 4195 180 4205 ·
203 4180 562 4251 pemmvitcnmumitu,
759 4171 1271 4249 atumempeorotymttdtetuaturmli
