<?xml version="1.0" encoding="UTF-8"?>
<!DOCTYPE html PUBLIC "-//W3C//DTD XHTML 1.0 Transitional//EN"
    "http://www.w3.org/TR/xhtml1/DTD/xhtml1-transitional.dtd">
<html xmlns="http://www.w3.org/1999/xhtml" xml:lang="en" lang="en">
 <head>
  <title>
</title>
<meta http-equiv="Content-Type" content="text/html;charset=utf-8" />
  <meta name='ocr-system' content='tesseract 3.04.00' />
  <meta name='ocr-capabilities' content='ocr_page ocr_carea ocr_par ocr_line ocrx_word'/>
</head>
<body>
  <div class='ocr_page' id='page_1' title='image "./justinihistoria00lemagoog_0137.png"; bbox 0 0 2967 4684; ppageno 0'>
   <div class='ocr_carea' id='block_1_1' title="bbox 195 248 869 405">
    <p class='ocr_par' dir='ltr' id='par_1_1' title="bbox 195 248 869 405">
     <span class='ocr_line' id='line_1_1' title="bbox 195 248 869 405; baseline 0.003 -36"><span class='ocrx_word' id='word_1_1' title='bbox 195 248 262 369; x_wconf 60' lang='lat'><strong>&#39;103</strong></span> <span class='ocrx_word' id='word_1_2' title='bbox 617 302 828 371; x_wconf 81' lang='lat' dir='ltr'><strong>tusrmi</strong></span> <span class='ocrx_word' id='word_1_3' title='bbox 866 398 869 405; x_wconf 14' lang='grc' dir='ltr'><strong>Δ</strong></span> 
     </span>
    </p>
   </div>
   <div class='ocr_carea' id='block_1_2' title="bbox 148 423 1342 2732">
    <p class='ocr_par' dir='ltr' id='par_1_2' title="bbox 148 423 1342 2732">
     <span class='ocr_line' id='line_1_2' title="bbox 192 423 1251 523; baseline 0.006 -30"><span class='ocrx_word' id='word_1_4' title='bbox 192 423 306 495; x_wconf 87' lang='lat' dir='ltr'><strong>videri</strong></span> <span class='ocrx_word' id='word_1_5' title='bbox 326 424 518 496; x_wconf 90' lang='lat' dir='ltr'><strong>hominum</strong></span> <span class='ocrx_word' id='word_1_6' title='bbox 536 438 711 496; x_wconf 82' lang='lat' dir='ltr'><strong>vetustate</strong></span> <span class='ocrx_word' id='word_1_7' title='bbox 728 423 906 511; x_wconf 80' lang='lat' dir='ltr'>ultimam,</span> <span class='ocrx_word' id='word_1_8' title='bbox 921 448 999 522; x_wconf 83' lang='lat' dir='ltr'><strong>quae</strong></span> <span class='ocrx_word' id='word_1_9' title='bbox 1016 427 1087 497; x_wconf 88' lang='lat' dir='ltr'><strong>sive</strong></span> <span class='ocrx_word' id='word_1_10' title='bbox 1099 448 1251 523; x_wconf 83' lang='lat' dir='ltr'><strong>exagge-</strong></span> 
     </span>
     <span class='ocr_line' id='line_1_3' title="bbox 192 534 1251 632; baseline 0.006 -29"><span class='ocrx_word' id='word_1_11' title='bbox 192 534 394 615; x_wconf 80' lang='lat' dir='ltr'><strong>rationibus</strong></span> <span class='ocrx_word' id='word_1_12' title='bbox 409 559 550 632; x_wconf 86' lang='lat' dir='ltr'><strong>regum,</strong></span> <span class='ocrx_word' id='word_1_13' title='bbox 564 536 637 606; x_wconf 88' lang='lat' dir='ltr'><strong>sive</strong></span> <span class='ocrx_word' id='word_1_14' title='bbox 651 534 723 606; x_wconf 87' lang='lat' dir='ltr'><strong>Nili</strong></span> <span class='ocrx_word' id='word_1_15' title='bbox 740 535 917 609; x_wconf 87' lang='lat' dir='ltr'><strong>trahentis</strong></span> <span class='ocrx_word' id='word_1_16' title='bbox 934 536 1059 609; x_wconf 91' lang='lat' dir='ltr'><strong>limum</strong></span> <span class='ocrx_word' id='word_1_17' title='bbox 1078 552 1251 609; x_wconf 84' lang='lat' dir='ltr'><strong>terrarum</strong></span> 
     </span>
     <span class='ocr_line' id='line_1_4' title="bbox 148 645 1254 747; baseline 0.004 -33"><span class='ocrx_word' id='word_1_18' title='bbox 148 680 179 714; x_wconf 70' lang='grc' dir='ltr'>π</span> <span class='ocrx_word' id='word_1_19' title='bbox 193 648 438 719; x_wconf 90' lang='lat' dir='ltr'><strong>recentissima</strong></span> <span class='ocrx_word' id='word_1_20' title='bbox 447 645 619 718; x_wconf 86' lang='lat' dir='ltr'><strong>videatur.</strong></span> <span class='ocrx_word' id='word_1_21' title='bbox 629 677 646 714; x_wconf 75' lang='lat'><strong>³)</strong></span> <span class='ocrx_word' id='word_1_22' title='bbox 656 649 725 717; x_wconf 86' lang='lat' dir='ltr'><strong>His·</strong></span> <span class='ocrx_word' id='word_1_23' title='bbox 731 648 840 743; x_wconf 87' lang='lat' dir='ltr'><strong>igitur</strong></span> <span class='ocrx_word' id='word_1_24' title='bbox 851 650 1071 745; x_wconf 82' lang='lat' dir='ltr'><strong>argumentis</strong></span> <span class='ocrx_word' id='word_1_25' title='bbox 1081 648 1254 747; x_wconf 82' lang='lat' dir='ltr'><strong>superatis</strong></span> 
     </span>
     <span class='ocr_line' id='line_1_5' title="bbox 195 758 1012 856; baseline 0.001 -28"><span class='ocrx_word' id='word_1_26' title='bbox 195 758 380 856; x_wconf 82' lang='lat' dir='ltr'><strong>AEgyptiis,</strong></span> <span class='ocrx_word' id='word_1_27' title='bbox 392 758 615 855; x_wconf 86' lang='lat' dir='ltr'><strong>antiquiores</strong></span> <span class='ocrx_word' id='word_1_28' title='bbox 628 782 771 856; x_wconf 83' lang='lat' dir='ltr'><strong>semper</strong></span> <span class='ocrx_word' id='word_1_29' title='bbox 784 758 924 855; x_wconf 71' lang='lat' dir='ltr'><strong>Scythae</strong></span> <span class='ocrx_word' id='word_1_30' title='bbox 937 762 1012 830; x_wconf 85' lang='lat' dir='ltr'><strong>visi</strong></span> 
     </span>
     <span class='ocr_line' id='line_1_6' title="bbox 166 867 1258 969; baseline 0 -28"><span class='ocrx_word' id='word_1_31' title='bbox 166 908 179 941; x_wconf 77' lang='grc' dir='ltr'>ι</span> <span class='ocrx_word' id='word_1_32' title='bbox 242 874 285 939; x_wconf 88' lang='lat'><strong>11.</strong></span> <span class='ocrx_word' id='word_1_33' title='bbox 302 867 448 964; x_wconf 82' lang='lat' dir='ltr'><strong>Scythia</strong></span> <span class='ocrx_word' id='word_1_34' title='bbox 465 886 587 942; x_wconf 88' lang='lat' dir='ltr'><strong>autem</strong></span> <span class='ocrx_word' id='word_1_35' title='bbox 603 872 643 941; x_wconf 90' lang='lat' dir='ltr'><strong>in</strong></span> <span class='ocrx_word' id='word_1_36' title='bbox 662 871 848 943; x_wconf 82' lang='lat' dir='ltr'><strong>Orientem</strong></span> <span class='ocrx_word' id='word_1_37' title='bbox 866 885 1046 969; x_wconf 91' lang='lat' dir='ltr'><strong>porrecta,</strong></span> <span class='ocrx_word' id='word_1_38' title='bbox 1059 868 1258 941; x_wconf 87' lang='lat' dir='ltr'><strong>includitur</strong></span> 
     </span>
     <span class='ocr_line' id='line_1_7' title="bbox 193 976 1257 1079; baseline 0.007 -33"><span class='ocrx_word' id='word_1_39' title='bbox 193 976 240 1047; x_wconf 88' lang='lat' dir='ltr'><strong>ab</strong></span> <span class='ocrx_word' id='word_1_40' title='bbox 257 1000 333 1047; x_wconf 91' lang='lat' dir='ltr'><strong>uno</strong></span> <span class='ocrx_word' id='word_1_41' title='bbox 353 976 462 1050; x_wconf 88' lang='lat' dir='ltr'><strong>latere</strong></span> <span class='ocrx_word' id='word_1_42' title='bbox 481 984 616 1067; x_wconf 88' lang='lat' dir='ltr'><strong>Ponto,</strong></span> <span class='ocrx_word' id='word_1_43' title='bbox 634 980 680 1051; x_wconf 90' lang='lat' dir='ltr'><strong>ab</strong></span> <span class='ocrx_word' id='word_1_44' title='bbox 700 980 813 1052; x_wconf 84' lang='lat' dir='ltr'><strong>altero</strong></span> <span class='ocrx_word' id='word_1_45' title='bbox 831 979 1018 1053; x_wconf 91' lang='lat' dir='ltr'><strong>montibus</strong></span> <span class='ocrx_word' id='word_1_46' title='bbox 1036 980 1192 1079; x_wconf 84' lang='lat' dir='ltr'><strong>Rhipaeis</strong></span> <span class='ocrx_word' id='word_1_47' title='bbox 1209 1008 1217 1049; x_wconf 94' lang='lat'><strong>:</strong></span> <span class='ocrx_word' id='word_1_48' title='bbox 1236 1006 1257 1053; x_wconf 86' lang='lat' dir='ltr'><strong>a</strong></span> 
     </span>
     <span class='ocr_line' id='line_1_8' title="bbox 166 1088 1256 1189; baseline 0.012 -39"><span class='ocrx_word' id='word_1_49' title='bbox 166 1100 294 1182; x_wconf 70' lang='lat' dir='ltr'><strong>atergo</strong></span> <span class='ocrx_word' id='word_1_50' title='bbox 313 1090 393 1158; x_wconf 83' lang='lat' dir='ltr'><strong>Asia</strong></span> <span class='ocrx_word' id='word_1_51' title='bbox 412 1104 449 1159; x_wconf 89' lang='lat' dir='ltr'><strong>et</strong></span> <span class='ocrx_word' id='word_1_52' title='bbox 466 1088 572 1162; x_wconf 85' lang='lat' dir='ltr'><strong>Phasi</strong></span> <span class='ocrx_word' id='word_1_53' title='bbox 593 1090 754 1162; x_wconf 84' lang='lat' dir='ltr'><strong>flumine.</strong></span> <span class='ocrx_word' id='word_1_54' title='bbox 769 1091 923 1163; x_wconf 88' lang='lat' dir='ltr'><strong>Multum</strong></span> <span class='ocrx_word' id='word_1_55' title='bbox 940 1094 979 1163; x_wconf 91' lang='lat' dir='ltr'><strong>in</strong></span> <span class='ocrx_word' id='word_1_56' title='bbox 994 1091 1256 1189; x_wconf 83' lang='lat' dir='ltr'><strong>longitudinem</strong></span> 
     </span>
     <span class='ocr_line' id='line_1_9' title="bbox 165 1196 1256 1302; baseline 0.006 -39"><span class='ocrx_word' id='word_1_57' title='bbox 165 1212 231 1267; x_wconf 75' lang='lat' dir='ltr'><strong>set</strong></span> <span class='ocrx_word' id='word_1_58' title='bbox 251 1196 478 1271; x_wconf 88' lang='lat' dir='ltr'><strong>latitudinem</strong></span> <span class='ocrx_word' id='word_1_59' title='bbox 499 1215 605 1302; x_wconf 82' lang='lat' dir='ltr'><strong>patet</strong></span> <span class='ocrx_word' id='word_1_60' title='bbox 625 1198 845 1273; x_wconf 87' lang='lat' dir='ltr'><strong>Hominibus</strong></span> <span class='ocrx_word' id='word_1_61' title='bbox 864 1202 960 1273; x_wconf 88' lang='lat' dir='ltr'><strong>inter</strong></span> <span class='ocrx_word' id='word_1_62' title='bbox 978 1227 1015 1273; x_wconf 89' lang='lat' dir='ltr'><strong>se</strong></span> <span class='ocrx_word' id='word_1_63' title='bbox 1033 1200 1122 1272; x_wconf 90' lang='lat' dir='ltr'><strong>nulli</strong></span> <span class='ocrx_word' id='word_1_64' title='bbox 1141 1198 1256 1271; x_wconf 88' lang='lat' dir='ltr'><strong>lines:</strong></span> 
     </span>
     <span class='ocr_line' id='line_1_10' title="bbox 195 1308 1259 1409; baseline 0.001 -31"><span class='ocrx_word' id='word_1_65' title='bbox 195 1332 317 1406; x_wconf 89' lang='lat' dir='ltr'><strong>neque</strong></span> <span class='ocrx_word' id='word_1_66' title='bbox 331 1313 430 1380; x_wconf 92' lang='lat' dir='ltr'><strong>enim</strong></span> <span class='ocrx_word' id='word_1_67' title='bbox 446 1336 571 1409; x_wconf 84' lang='lat' dir='ltr'><strong>agrum</strong></span> <span class='ocrx_word' id='word_1_68' title='bbox 588 1326 778 1383; x_wconf 87' lang='lat' dir='ltr'><strong>exercent:</strong></span> <span class='ocrx_word' id='word_1_69' title='bbox 791 1335 860 1403; x_wconf 80' lang='lat' dir='ltr'><strong>nec</strong></span> <span class='ocrx_word' id='word_1_70' title='bbox 874 1310 1003 1387; x_wconf 90' lang='lat' dir='ltr'><strong>domus</strong></span> <span class='ocrx_word' id='word_1_71' title='bbox 1017 1310 1084 1381; x_wconf 89' lang='lat' dir='ltr'><strong>illis</strong></span> <span class='ocrx_word' id='word_1_72' title='bbox 1097 1308 1186 1390; x_wconf 87' lang='lat' dir='ltr'><strong>ulla,</strong></span> <span class='ocrx_word' id='word_1_73' title='bbox 1197 1324 1259 1379; x_wconf 83' lang='lat' dir='ltr'><strong>aut</strong></span> 
     </span>
     <span class='ocr_line' id='line_1_11' title="bbox 193 1422 1258 1520; baseline 0.001 -32"><span class='ocrx_word' id='word_1_74' title='bbox 193 1434 346 1510; x_wconf 88' lang='lat' dir='ltr'><strong>tectum,</strong></span> <span class='ocrx_word' id='word_1_75' title='bbox 360 1437 422 1493; x_wconf 89' lang='lat' dir='ltr'><strong>aut</strong></span> <span class='ocrx_word' id='word_1_76' title='bbox 434 1422 537 1495; x_wconf 87' lang='lat' dir='ltr'><strong>sedes</strong></span> <span class='ocrx_word' id='word_1_77' title='bbox 553 1438 624 1510; x_wconf 90' lang='lat' dir='ltr'><strong>est,</strong></span> <span class='ocrx_word' id='word_1_78' title='bbox 637 1438 801 1493; x_wconf 86' lang='lat' dir='ltr'><strong>armenta</strong></span> <span class='ocrx_word' id='word_1_79' title='bbox 820 1437 856 1492; x_wconf 91' lang='lat' dir='ltr'><strong>et</strong></span> <span class='ocrx_word' id='word_1_80' title='bbox 875 1444 1006 1520; x_wconf 86' lang='lat' dir='ltr'><strong>pecora</strong></span> <span class='ocrx_word' id='word_1_81' title='bbox 1023 1444 1162 1520; x_wconf 89' lang='lat' dir='ltr'><strong>semper</strong></span> <span class='ocrx_word' id='word_1_82' title='bbox 1179 1444 1258 1517; x_wconf 78' lang='lat' dir='ltr'><strong>pas-</strong></span> 
     </span>
     <span class='ocr_line' id='line_1_12' title="bbox 196 1528 1259 1628; baseline 0.004 -31"><span class='ocrx_word' id='word_1_83' title='bbox 196 1529 383 1619; x_wconf 85' lang='lat' dir='ltr'><strong>centibus,</strong></span> <span class='ocrx_word' id='word_1_84' title='bbox 410 1547 447 1601; x_wconf 91' lang='lat' dir='ltr'><strong>et</strong></span> <span class='ocrx_word' id='word_1_85' title='bbox 473 1555 540 1628; x_wconf 88' lang='lat' dir='ltr'><strong>per</strong></span> <span class='ocrx_word' id='word_1_86' title='bbox 570 1530 723 1602; x_wconf 89' lang='lat' dir='ltr'><strong>incultas</strong></span> <span class='ocrx_word' id='word_1_87' title='bbox 755 1530 968 1603; x_wconf 90' lang='lat' dir='ltr'><strong>solitudines</strong></span> <span class='ocrx_word' id='word_1_88' title='bbox 992 1556 1112 1603; x_wconf 88' lang='lat' dir='ltr'><strong>errare</strong></span> <span class='ocrx_word' id='word_1_89' title='bbox 1137 1528 1259 1601; x_wconf 92' lang='lat' dir='ltr'><strong>solitis.</strong></span> 
     </span>
     <span class='ocr_line' id='line_1_13' title="bbox 167 1639 1260 1737; baseline 0.004 -28"><span class='ocrx_word' id='word_1_90' title='bbox 167 1650 184 1709; x_wconf 83' lang='lat' dir='ltr'><strong>t</strong></span> <span class='ocrx_word' id='word_1_91' title='bbox 196 1640 336 1711; x_wconf 84' lang='lat' dir='ltr'><strong>Uxores</strong></span> <span class='ocrx_word' id='word_1_92' title='bbox 352 1640 559 1737; x_wconf 88' lang='lat' dir='ltr'><strong>liberosque</strong></span> <span class='ocrx_word' id='word_1_93' title='bbox 571 1664 694 1710; x_wconf 89' lang='lat' dir='ltr'><strong>secum</strong></span> <span class='ocrx_word' id='word_1_94' title='bbox 707 1644 746 1708; x_wconf 91' lang='lat' dir='ltr'><strong>in</strong></span> <span class='ocrx_word' id='word_1_95' title='bbox 760 1639 929 1736; x_wconf 87' lang='lat' dir='ltr'><strong>plaustris</strong></span> <span class='ocrx_word' id='word_1_96' title='bbox 941 1641 1099 1727; x_wconf 90' lang='lat' dir='ltr'><strong>vehunt,</strong></span> <span class='ocrx_word' id='word_1_97' title='bbox 1112 1640 1260 1737; x_wconf 91' lang='lat' dir='ltr'><strong>quibus,</strong></span> 
     </span>
     <span class='ocr_line' id='line_1_14' title="bbox 196 1749 1262 1850; baseline 0.006 -33"><span class='ocrx_word' id='word_1_98' title='bbox 196 1751 305 1819; x_wconf 90' lang='lat' dir='ltr'><strong>coriis</strong></span> <span class='ocrx_word' id='word_1_99' title='bbox 320 1750 492 1823; x_wconf 92' lang='lat' dir='ltr'><strong>imbrium</strong></span> <span class='ocrx_word' id='word_1_100' title='bbox 508 1749 721 1847; x_wconf 90' lang='lat' dir='ltr'><strong>hyemisque</strong></span> <span class='ocrx_word' id='word_1_101' title='bbox 736 1774 860 1821; x_wconf 85' lang='lat' dir='ltr'><strong>caussa</strong></span> <span class='ocrx_word' id='word_1_102' title='bbox 875 1752 993 1840; x_wconf 88' lang='lat' dir='ltr'><strong>tectis,</strong></span> <span class='ocrx_word' id='word_1_103' title='bbox 1007 1776 1074 1850; x_wconf 91' lang='lat' dir='ltr'><strong>pro</strong></span> <span class='ocrx_word' id='word_1_104' title='bbox 1094 1750 1262 1823; x_wconf 86' lang='lat' dir='ltr'><strong>domibus</strong></span> 
     </span>
     <span class='ocr_line' id='line_1_15' title="bbox 167 1860 1261 1961; baseline 0.004 -33"><span class='ocrx_word' id='word_1_105' title='bbox 167 1873 358 1931; x_wconf 79' lang='lat' dir='ltr'><strong>tutuntur.</strong></span> <span class='ocrx_word' id='word_1_106' title='bbox 381 1863 524 1932; x_wconf 77' lang='lat' dir='ltr'><strong>lustitia</strong></span> <span class='ocrx_word' id='word_1_107' title='bbox 549 1862 668 1958; x_wconf 90' lang='lat' dir='ltr'><strong>gentis</strong></span> <span class='ocrx_word' id='word_1_108' title='bbox 690 1861 847 1957; x_wconf 89' lang='lat' dir='ltr'><strong>ingeniis</strong></span> <span class='ocrx_word' id='word_1_109' title='bbox 872 1860 990 1950; x_wconf 84' lang='lat' dir='ltr'><strong>culta,</strong></span> <span class='ocrx_word' id='word_1_110' title='bbox 1009 1886 1088 1935; x_wconf 92' lang='lat' dir='ltr'><strong>non</strong></span> <span class='ocrx_word' id='word_1_111' title='bbox 1113 1862 1261 1961; x_wconf 87' lang='lat' dir='ltr'><strong>legibus.</strong></span> 
     </span>
     <span class='ocr_line' id='line_1_16' title="bbox 167 1968 1262 2073; baseline 0.005 -33"><span class='ocrx_word' id='word_1_112' title='bbox 167 1969 344 2042; x_wconf 85' lang='lat' dir='ltr'><strong>oNullum</strong></span> <span class='ocrx_word' id='word_1_113' title='bbox 369 1970 486 2043; x_wconf 88' lang='lat' dir='ltr'><strong>scelus</strong></span> <span class='ocrx_word' id='word_1_114' title='bbox 508 1970 606 2070; x_wconf 89' lang='lat' dir='ltr'><strong>apud</strong></span> <span class='ocrx_word' id='word_1_115' title='bbox 627 1996 690 2042; x_wconf 89' lang='lat' dir='ltr'><strong>eos</strong></span> <span class='ocrx_word' id='word_1_116' title='bbox 715 1968 815 2042; x_wconf 82' lang='lat' dir='ltr'><strong>furto</strong></span> <span class='ocrx_word' id='word_1_117' title='bbox 837 1975 1003 2070; x_wconf 86' lang='lat' dir='ltr'><strong>gravius:</strong></span> <span class='ocrx_word' id='word_1_118' title='bbox 1026 1978 1162 2073; x_wconf 87' lang='lat' dir='ltr'><strong>quippe</strong></span> <span class='ocrx_word' id='word_1_119' title='bbox 1184 1977 1262 2045; x_wconf 88' lang='lat' dir='ltr'><strong>siue</strong></span> 
     </span>
     <span class='ocr_line' id='line_1_17' title="bbox 196 2084 1263 2182; baseline 0.004 -31"><span class='ocrx_word' id='word_1_120' title='bbox 196 2096 294 2152; x_wconf 89' lang='lat' dir='ltr'><strong>tecto</strong></span> <span class='ocrx_word' id='word_1_121' title='bbox 315 2086 618 2180; x_wconf 87' lang='lat' dir='ltr'><strong>munimentoque</strong></span> <span class='ocrx_word' id='word_1_122' title='bbox 640 2106 776 2182; x_wconf 89' lang='lat' dir='ltr'><strong>pecora</strong></span> <span class='ocrx_word' id='word_1_123' title='bbox 798 2098 834 2154; x_wconf 88' lang='lat' dir='ltr'><strong>et</strong></span> <span class='ocrx_word' id='word_1_124' title='bbox 853 2099 1013 2155; x_wconf 86' lang='lat' dir='ltr'><strong>armenta</strong></span> <span class='ocrx_word' id='word_1_125' title='bbox 1035 2086 1130 2156; x_wconf 89' lang='lat' dir='ltr'><strong>inter</strong></span> <span class='ocrx_word' id='word_1_126' title='bbox 1147 2084 1263 2180; x_wconf 87' lang='lat' dir='ltr'><strong>sylvas</strong></span> 
     </span>
     <span class='ocr_line' id='line_1_18' title="bbox 169 2190 1263 2293; baseline 0.004 -32"><span class='ocrx_word' id='word_1_127' title='bbox 169 2224 186 2275; x_wconf 86' lang='lat'>7</span> <span class='ocrx_word' id='word_1_128' title='bbox 197 2190 419 2265; x_wconf 89' lang='lat' dir='ltr'><strong>habentibus</strong></span> <span class='ocrx_word' id='word_1_129' title='bbox 431 2193 521 2293; x_wconf 91' lang='lat' dir='ltr'><strong>quid</strong></span> <span class='ocrx_word' id='word_1_130' title='bbox 532 2191 670 2265; x_wconf 87' lang='lat' dir='ltr'><strong>salvum</strong></span> <span class='ocrx_word' id='word_1_131' title='bbox 683 2208 794 2281; x_wconf 88' lang='lat' dir='ltr'><strong>esset,</strong></span> <span class='ocrx_word' id='word_1_132' title='bbox 808 2197 837 2265; x_wconf 91' lang='lat' dir='ltr'><strong>si</strong></span> <span class='ocrx_word' id='word_1_133' title='bbox 848 2192 958 2267; x_wconf 78' lang='lat' dir='ltr'><strong>furari</strong></span> <span class='ocrx_word' id='word_1_134' title='bbox 971 2197 1115 2269; x_wconf 79' lang='lat' dir='ltr'><strong>liceret?</strong></span> <span class='ocrx_word' id='word_1_135' title='bbox 1127 2200 1263 2267; x_wconf 84' lang='lat' dir='ltr'><strong>Aurum</strong></span> 
     </span>
     <span class='ocr_line' id='line_1_19' title="bbox 198 2304 1265 2405; baseline 0.002 -30"><span class='ocrx_word' id='word_1_136' title='bbox 198 2320 235 2375; x_wconf 91' lang='lat' dir='ltr'><strong>et</strong></span> <span class='ocrx_word' id='word_1_137' title='bbox 247 2321 435 2402; x_wconf 87' lang='lat' dir='ltr'><strong>argentum</strong></span> <span class='ocrx_word' id='word_1_138' title='bbox 448 2304 599 2404; x_wconf 90' lang='lat' dir='ltr'><strong>perinde</strong></span> <span class='ocrx_word' id='word_1_139' title='bbox 610 2304 889 2405; x_wconf 83' lang='lat' dir='ltr'><strong>adspernantur,</strong></span> <span class='ocrx_word' id='word_1_140' title='bbox 901 2332 942 2377; x_wconf 83' lang='lat' dir='ltr'><strong>ac</strong></span> <span class='ocrx_word' id='word_1_141' title='bbox 955 2306 1085 2405; x_wconf 93' lang='lat' dir='ltr'><strong>reliqui</strong></span> <span class='ocrx_word' id='word_1_142' title='bbox 1096 2306 1265 2377; x_wconf 85' lang='lat' dir='ltr'><strong>mortales</strong></span> 
     </span>
     <span class='ocr_line' id='line_1_20' title="bbox 170 2415 1265 2515; baseline 0.005 -33"><span class='ocrx_word' id='word_1_143' title='bbox 170 2415 384 2515; x_wconf 75' lang='lat' dir='ltr'><strong>sadpetunt.</strong></span> <span class='ocrx_word' id='word_1_144' title='bbox 404 2422 513 2488; x_wconf 79' lang='lat' dir='ltr'><strong>Lacte</strong></span> <span class='ocrx_word' id='word_1_145' title='bbox 530 2432 567 2489; x_wconf 88' lang='lat' dir='ltr'><strong>et</strong></span> <span class='ocrx_word' id='word_1_146' title='bbox 581 2416 687 2488; x_wconf 88' lang='lat' dir='ltr'><strong>melle</strong></span> <span class='ocrx_word' id='word_1_147' title='bbox 706 2434 913 2489; x_wconf 86' lang='lat' dir='ltr'><strong>vescuntur.</strong></span> <span class='ocrx_word' id='word_1_148' title='bbox 934 2425 1041 2491; x_wconf 87' lang='lat' dir='ltr'><strong>Lauae</strong></span> <span class='ocrx_word' id='word_1_149' title='bbox 1059 2419 1102 2488; x_wconf 90' lang='lat' dir='ltr'><strong>iis</strong></span> <span class='ocrx_word' id='word_1_150' title='bbox 1119 2442 1205 2488; x_wconf 90' lang='lat' dir='ltr'><strong>usus</strong></span> <span class='ocrx_word' id='word_1_151' title='bbox 1223 2441 1265 2487; x_wconf 88' lang='lat' dir='ltr'><strong>ac</strong></span> 
     </span>
     <span class='ocr_line' id='line_1_21' title="bbox 198 2526 1264 2624; baseline 0.003 -31"><span class='ocrx_word' id='word_1_152' title='bbox 198 2528 350 2597; x_wconf 81' lang='lat' dir='ltr'><strong>vestium</strong></span> <span class='ocrx_word' id='word_1_153' title='bbox 383 2528 529 2623; x_wconf 83' lang='lat' dir='ltr'><strong>ignotus</strong></span> <span class='ocrx_word' id='word_1_154' title='bbox 555 2554 563 2595; x_wconf 76' lang='grc' dir='ltr'><strong><em>ε</em></strong></span> <span class='ocrx_word' id='word_1_155' title='bbox 592 2550 813 2624; x_wconf 84' lang='lat' dir='ltr'><strong>quamquam</strong></span> <span class='ocrx_word' id='word_1_156' title='bbox 852 2532 1036 2600; x_wconf 90' lang='lat' dir='ltr'><strong>continuis</strong></span> <span class='ocrx_word' id='word_1_157' title='bbox 1070 2526 1264 2624; x_wconf 82' lang='lat' dir='ltr'><strong>frigoribus</strong></span> 
     </span>
     <span class='ocr_line' id='line_1_22' title="bbox 201 2634 1342 2732; baseline 0 -28"><span class='ocrx_word' id='word_1_158' title='bbox 201 2652 370 2725; x_wconf 82' lang='lat' dir='ltr'><strong>urantur3</strong></span> <span class='ocrx_word' id='word_1_159' title='bbox 383 2636 538 2732; x_wconf 91' lang='lat' dir='ltr'><strong>pellibus</strong></span> <span class='ocrx_word' id='word_1_160' title='bbox 559 2652 680 2706; x_wconf 87' lang='lat' dir='ltr'><strong>tamen</strong></span> <span class='ocrx_word' id='word_1_161' title='bbox 702 2634 827 2705; x_wconf 91' lang='lat' dir='ltr'><strong>ferinis</strong></span> <span class='ocrx_word' id='word_1_162' title='bbox 846 2653 907 2708; x_wconf 85' lang='lat' dir='ltr'><strong>aut</strong></span> <span class='ocrx_word' id='word_1_163' title='bbox 927 2639 1080 2707; x_wconf 90' lang='lat' dir='ltr'><strong>murinis</strong></span> <span class='ocrx_word' id='word_1_164' title='bbox 1099 2651 1263 2707; x_wconf 86' lang='lat' dir='ltr'><strong>utuntur.</strong></span> <span class='ocrx_word' id='word_1_165' title='bbox 1337 2688 1342 2697; x_wconf 87' lang='lat'>.</span> 
     </span>
    </p>
   </div>
   <div class='ocr_carea' id='block_1_3' title="bbox 136 2830 1267 4163">
    <p class='ocr_par' dir='ltr' id='par_1_3' title="bbox 200 2830 1267 3460">
     <span class='ocr_line' id='line_1_23' title="bbox 236 2830 1266 2905; baseline 0.001 -22"><span class='ocrx_word' id='word_1_166' title='bbox 236 2836 276 2886; x_wconf 89' lang='grc' dir='ltr'><strong>ΙΙ.</strong></span> <span class='ocrx_word' id='word_1_167' title='bbox 297 2853 350 2887; x_wconf 76' lang='lat' dir='ltr'><strong>m.</strong></span> <span class='ocrx_word' id='word_1_168' title='bbox 370 2836 467 2905; x_wconf 79' lang='lat' dir='ltr'><strong>Scytlu&#39;a</strong></span> <span class='ocrx_word' id='word_1_169' title='bbox 484 2848 563 2888; x_wconf 70' lang='lat' dir='ltr'><strong>atatem</strong></span> <span class='ocrx_word' id='word_1_170' title='bbox 578 2846 628 2886; x_wconf 86' lang='lat' dir='ltr'><strong>etc.</strong></span> <span class='ocrx_word' id='word_1_171' title='bbox 644 2835 714 2886; x_wconf 87' lang='lat' dir='ltr'><strong>Con·</strong></span> <span class='ocrx_word' id='word_1_172' title='bbox 753 2830 844 2895; x_wconf 83' lang='lat' dir='ltr'><strong>Teeit,</strong></span> <span class='ocrx_word' id='word_1_173' title='bbox 861 2850 918 2905; x_wconf 82' lang='lat' dir='ltr'><strong>cap.</strong></span> <span class='ocrx_word' id='word_1_174' title='bbox 935 2848 967 2899; x_wconf 85' lang='lat'><strong>¹9</strong></span> <span class='ocrx_word' id='word_1_175' title='bbox 981 2849 987 2883; x_wconf 94' lang='lat'><strong>:</strong></span> <span class='ocrx_word' id='word_1_176' title='bbox 1001 2830 1060 2883; x_wconf 81' lang='lat' dir='ltr'><strong>Plus</strong></span> <span class='ocrx_word' id='word_1_177' title='bbox 1072 2830 1107 2883; x_wconf 79' lang='lat' dir='ltr'><strong>ibi</strong></span> <span class='ocrx_word' id='word_1_178' title='bbox 1122 2830 1179 2883; x_wconf 80' lang='lat' dir='ltr'><strong>boni</strong></span> <span class='ocrx_word' id='word_1_179' title='bbox 1190 2852 1266 2884; x_wconf 80' lang='lat' dir='ltr'><strong>mom</strong></span> 
     </span>
     <span class='ocr_line' id='line_1_24' title="bbox 201 2910 1266 2983; baseline -0.002 -18"><span class='ocrx_word' id='word_1_180' title='bbox 201 2914 241 2965; x_wconf 78' lang='lat' dir='ltr'><strong>fer</strong></span> <span class='ocrx_word' id='word_1_181' title='bbox 260 2910 396 2982; x_wconf 66' lang='lat' dir='ltr'><strong>Scythicae</strong></span> <span class='ocrx_word' id='word_1_182' title='bbox 416 2924 499 2965; x_wconf 86' lang='lat' dir='ltr'><strong>terras</strong></span> <span class='ocrx_word' id='word_1_183' title='bbox 521 2911 714 2965; x_wconf 80' lang='lat' dir='ltr'><strong>describentem</strong></span> <span class='ocrx_word' id='word_1_184' title='bbox 753 2910 849 2975; x_wconf 72' lang='lat' dir='ltr'><strong>oaknt,</strong></span> <span class='ocrx_word' id='word_1_185' title='bbox 864 2930 936 2983; x_wconf 77' lang='lat' dir='ltr'><strong>quam</strong></span> <span class='ocrx_word' id='word_1_186' title='bbox 948 2910 1008 2963; x_wconf 81' lang='lat' dir='ltr'><strong>alibi</strong></span> <span class='ocrx_word' id='word_1_187' title='bbox 1021 2916 1089 2963; x_wconf 73' lang='grc' dir='ltr'><strong>ὁωιω</strong></span> <span class='ocrx_word' id='word_1_188' title='bbox 1103 2912 1175 2981; x_wconf 68' lang='lat' dir='ltr'><strong>leges.</strong></span> <span class='ocrx_word' id='word_1_189' title='bbox 1190 2911 1266 2965; x_wconf 87' lang='lat' dir='ltr'><strong>Idem</strong></span> 
     </span>
     <span class='ocr_line' id='line_1_25' title="bbox 201 2988 1267 3062; baseline 0 -19"><span class='ocrx_word' id='word_1_190' title='bbox 201 2988 715 3061; x_wconf 69' lang='lat' dir='ltr'><strong>Herod.IV,46·82.-Pltan&#39;.1tslegeu·</strong></span> <span class='ocrx_word' id='word_1_191' title='bbox 754 2991 848 3043; x_wconf 74' lang='lat' dir='ltr'><strong>AunaL</strong></span> <span class='ocrx_word' id='word_1_192' title='bbox 858 2990 920 3057; x_wconf 88' lang='lat'><strong>111,</strong></span> <span class='ocrx_word' id='word_1_193' title='bbox 933 3008 990 3062; x_wconf 78' lang='lat' dir='ltr'><strong>cap.</strong></span> <span class='ocrx_word' id='word_1_194' title='bbox 1005 2992 1037 3045; x_wconf 78' lang='lat'><strong>26</strong></span> <span class='ocrx_word' id='word_1_195' title='bbox 1053 3008 1060 3043; x_wconf 74' lang='grc' dir='ltr'><strong><em>ι</em></strong></span> <span class='ocrx_word' id='word_1_196' title='bbox 1076 2996 1153 3059; x_wconf 80' lang='lat' dir='ltr'><strong>Quum</strong></span> <span class='ocrx_word' id='word_1_197' title='bbox 1167 2991 1267 3044; x_wconf 75' lang='lat' dir='ltr'><strong>honesta</strong></span> 
     </span>
     <span class='ocr_line' id='line_1_26' title="bbox 202 3068 1162 3142; baseline 0.002 -21"><span class='ocrx_word' id='word_1_198' title='bbox 202 3069 267 3121; x_wconf 88' lang='lat' dir='ltr'><strong>dum</strong></span> <span class='ocrx_word' id='word_1_199' title='bbox 276 3080 366 3121; x_wconf 80' lang='lat' dir='ltr'><strong>contre</strong></span> <span class='ocrx_word' id='word_1_200' title='bbox 376 3068 457 3121; x_wconf 78' lang='lat' dir='ltr'><strong>libros</strong></span> <span class='ocrx_word' id='word_1_201' title='bbox 466 3071 514 3141; x_wconf 90' lang='lat' dir='ltr'><strong>qui</strong></span> <span class='ocrx_word' id='word_1_202' title='bbox 522 3070 712 3123; x_wconf 77' lang='lat' dir='ltr'><strong>babentltltusi.</strong></span> <span class='ocrx_word' id='word_1_203' title='bbox 754 3080 836 3142; x_wconf 80' lang='lat' dir='ltr'><strong>suopte</strong></span> <span class='ocrx_word' id='word_1_204' title='bbox 849 3072 945 3140; x_wconf 74' lang='lat' dir='ltr'><strong>ingemit</strong></span> <span class='ocrx_word' id='word_1_205' title='bbox 955 3080 1099 3142; x_wconf 77' lang='lat' dir='ltr'><strong>peterentur.</strong></span> <span class='ocrx_word' id='word_1_206' title='bbox 1115 3090 1162 3124; x_wconf 77' lang='lat' dir='ltr'><strong>uu.</strong></span> 
     </span>
     <span class='ocr_line' id='line_1_27' title="bbox 203 3147 1265 3220; baseline 0.006 -23"><span class='ocrx_word' id='word_1_207' title='bbox 203 3148 354 3218; x_wconf 71' lang='lat' dir='ltr'><strong>-flltipoein</strong></span> <span class='ocrx_word' id='word_1_208' title='bbox 361 3148 421 3201; x_wconf 84' lang='lat' dir='ltr'><strong>Hoc</strong></span> <span class='ocrx_word' id='word_1_209' title='bbox 428 3166 527 3201; x_wconf 85' lang='lat' dir='ltr'><strong>nomen</strong></span> <span class='ocrx_word' id='word_1_210' title='bbox 535 3147 598 3201; x_wconf 92' lang='lat' dir='ltr'><strong>dedi</strong></span> <span class='ocrx_word' id='word_1_211' title='bbox 605 3168 621 3201; x_wconf 90' lang='lat' dir='ltr'><strong>e</strong></span> <span class='ocrx_word' id='word_1_212' title='bbox 629 3167 714 3220; x_wconf 80' lang='lat' dir='ltr'><strong>graeco</strong></span> <span class='ocrx_word' id='word_1_213' title='bbox 790 3154 815 3205; x_wconf 85' lang='lat'><strong>6.</strong></span> <span class='ocrx_word' id='word_1_214' title='bbox 826 3150 893 3218; x_wconf 82' lang='lat' dir='ltr'><strong>Quid</strong></span> <span class='ocrx_word' id='word_1_215' title='bbox 900 3149 989 3202; x_wconf 77' lang='lat' dir='ltr'><strong>salvum</strong></span> <span class='ocrx_word' id='word_1_216' title='bbox 1001 3162 1070 3201; x_wconf 77' lang='lat' dir='ltr'><strong>esset.</strong></span> <span class='ocrx_word' id='word_1_217' title='bbox 1081 3150 1121 3203; x_wconf 77' lang='lat' dir='ltr'><strong>Ita</strong></span> <span class='ocrx_word' id='word_1_218' title='bbox 1129 3163 1193 3205; x_wconf 86' lang='lat' dir='ltr'><strong>vett.</strong></span> <span class='ocrx_word' id='word_1_219' title='bbox 1203 3150 1265 3205; x_wconf 91' lang='lat' dir='ltr'><strong>edd.</strong></span> 
     </span>
     <span class='ocr_line' id='line_1_28' title="bbox 200 3228 1266 3303; baseline -0.003 -19"><span class='ocrx_word' id='word_1_220' title='bbox 200 3231 715 3303; x_wconf 68' lang='lat' dir='ltr'><strong>&#39;Piraionqutmquemetlltpltoeincribi</strong></span> <span class='ocrx_word' id='word_1_221' title='bbox 755 3229 994 3301; x_wconf 77' lang='lat' dir='ltr'><strong>mnuscriptomm</strong></span> <span class='ocrx_word' id='word_1_222' title='bbox 1018 3228 1146 3282; x_wconf 83' lang='lat' dir='ltr'><strong>traduces.</strong></span> <span class='ocrx_word' id='word_1_223' title='bbox 1169 3230 1266 3282; x_wconf 82' lang='lat' dir='ltr'><strong>Melius</strong></span> 
     </span>
     <span class='ocr_line' id='line_1_29' title="bbox 203 3304 1263 3383; baseline -0.003 -22"><span class='ocrx_word' id='word_1_224' title='bbox 203 3322 306 3380; x_wconf 80' lang='lat' dir='ltr'><strong>potest,</strong></span> <span class='ocrx_word' id='word_1_225' title='bbox 320 3320 350 3361; x_wconf 90' lang='lat' dir='ltr'><strong>ut</strong></span> <span class='ocrx_word' id='word_1_226' title='bbox 366 3309 515 3380; x_wconf 64' lang='lat' dir='ltr'><strong>tropheum</strong></span> <span class='ocrx_word' id='word_1_227' title='bbox 531 3330 547 3363; x_wconf 89' lang='lat' dir='ltr'><strong>e</strong></span> <span class='ocrx_word' id='word_1_228' title='bbox 561 3329 646 3383; x_wconf 68' lang='lat' dir='ltr'><strong>groco</strong></span> <span class='ocrx_word' id='word_1_229' title='bbox 657 3334 716 3382; x_wconf 73' lang='grc' dir='ltr'><strong>ψ.</strong></span> <span class='ocrx_word' id='word_1_230' title='bbox 756 3308 853 3379; x_wconf 86' lang='lat' dir='ltr'><strong>opinor</strong></span> <span class='ocrx_word' id='word_1_231' title='bbox 861 3326 939 3381; x_wconf 82' lang='lat' dir='ltr'><strong>quem</strong></span> <span class='ocrx_word' id='word_1_232' title='bbox 950 3307 1022 3380; x_wconf 87' lang='lat' dir='ltr'><strong>quod</strong></span> <span class='ocrx_word' id='word_1_233' title='bbox 1032 3309 1157 3377; x_wconf 70' lang='lat' dir='ltr'><strong>bongart.</strong></span> <span class='ocrx_word' id='word_1_234' title='bbox 1166 3304 1263 3371; x_wconf 87' lang='lat' dir='ltr'><strong>edidit,</strong></span> 
     </span>
     <span class='ocr_line' id='line_1_30' title="bbox 204 3386 1182 3460; baseline -0.006 -18"><span class='ocrx_word' id='word_1_235' title='bbox 204 3389 288 3442; x_wconf 74' lang='lat' dir='ltr'><strong>nior.</strong></span> <span class='ocrx_word' id='word_1_236' title='bbox 299 3417 335 3428; x_wconf 91' lang='lat'><em>-</em></span> <span class='ocrx_word' id='word_1_237' title='bbox 347 3390 416 3441; x_wconf 74' lang='lat' dir='ltr'><strong>Asta.</strong></span> <span class='ocrx_word' id='word_1_238' title='bbox 431 3389 545 3441; x_wconf 83' lang='lat' dir='ltr'><strong>Minore.</strong></span> <span class='ocrx_word' id='word_1_239' title='bbox 756 3386 817 3460; x_wconf 79' lang='lat' dir='ltr'><strong>quid</strong></span> <span class='ocrx_word' id='word_1_240' title='bbox 828 3390 890 3441; x_wconf 69' lang='lat' dir='ltr'><strong>titur</strong></span> <span class='ocrx_word' id='word_1_241' title='bbox 900 3388 970 3439; x_wconf 78' lang='lat' dir='ltr'><strong>silves</strong></span> <span class='ocrx_word' id='word_1_242' title='bbox 983 3397 1120 3458; x_wconf 69' lang='lat' dir='ltr'><strong>superesset.</strong></span> <span class='ocrx_word' id='word_1_243' title='bbox 1138 3402 1182 3436; x_wconf 80' lang='lat' dir='ltr'><strong>nu.</strong></span> 
     </span>
    </p>

    <p class='ocr_par' dir='ltr' id='par_1_4' title="bbox 206 3461 1267 3777">
     <span class='ocr_line' id='line_1_31' title="bbox 241 3461 1264 3538; baseline -0.007 -19"><span class='ocrx_word' id='word_1_244' title='bbox 241 3475 266 3531; x_wconf 67' lang='grc'><strong>4.</strong></span> <span class='ocrx_word' id='word_1_245' title='bbox 273 3468 592 3538; x_wconf 64' lang='grc' dir='ltr'><strong>Ιπρίωαέήι.Ἀμαξόὥοι.</strong></span> <span class='ocrx_word' id='word_1_246' title='bbox 599 3469 716 3522; x_wconf 75' lang='lat' dir='ltr'><strong>Plenam</strong></span> <span class='ocrx_word' id='word_1_247' title='bbox 792 3472 944 3536; x_wconf 81' lang='lat' dir='ltr'><strong>7.Aumm...</strong></span> <span class='ocrx_word' id='word_1_248' title='bbox 957 3464 1078 3534; x_wconf 75' lang='lat' dir='ltr'><strong>adpetunt.</strong></span> <span class='ocrx_word' id='word_1_249' title='bbox 1093 3463 1192 3527; x_wconf 82' lang='lat' dir='ltr'><strong>Quinta</strong></span> <span class='ocrx_word' id='word_1_250' title='bbox 1203 3461 1264 3513; x_wconf 85' lang='lat' dir='ltr'><strong>Lei·</strong></span> 
     </span>
     <span class='ocr_line' id='line_1_32' title="bbox 206 3540 1267 3620; baseline -0.007 -22"><span class='ocrx_word' id='word_1_251' title='bbox 206 3548 242 3599; x_wconf 80' lang='lat' dir='ltr'><strong>ait</strong></span> <span class='ocrx_word' id='word_1_252' title='bbox 250 3548 329 3601; x_wconf 77' lang='lat' dir='ltr'><strong>coriis</strong></span> <span class='ocrx_word' id='word_1_253' title='bbox 337 3560 417 3614; x_wconf 81' lang='lat' dir='ltr'><strong>tecte,</strong></span> <span class='ocrx_word' id='word_1_254' title='bbox 427 3566 539 3620; x_wconf 78' lang='lat' dir='ltr'><strong>proquo</strong></span> <span class='ocrx_word' id='word_1_255' title='bbox 546 3548 716 3601; x_wconf 75' lang='lat' dir='ltr'><strong>Marcellinus</strong></span> <span class='ocrx_word' id='word_1_256' title='bbox 757 3543 845 3597; x_wconf 80' lang='lat' dir='ltr'><strong>densis</strong></span> <span class='ocrx_word' id='word_1_257' title='bbox 856 3542 919 3597; x_wconf 88' lang='lat' dir='ltr'><strong>edit.</strong></span> <span class='ocrx_word' id='word_1_258' title='bbox 934 3556 961 3596; x_wconf 88' lang='lat' dir='ltr'><strong>et</strong></span> <span class='ocrx_word' id='word_1_259' title='bbox 978 3541 1154 3613; x_wconf 76' lang='lat' dir='ltr'><strong>bongarsiane</strong></span> <span class='ocrx_word' id='word_1_260' title='bbox 1167 3540 1267 3593; x_wconf 83' lang='lat' dir='ltr'><strong>babent</strong></span> 
     </span>
     <span class='ocr_line' id='line_1_33' title="bbox 206 3619 1267 3692; baseline -0.005 -18"><span class='ocrx_word' id='word_1_261' title='bbox 206 3623 317 3677; x_wconf 80' lang='lat' dir='ltr'><strong>XXXII</strong></span> <span class='ocrx_word' id='word_1_262' title='bbox 333 3626 413 3680; x_wconf 76' lang='lat' dir='ltr'><strong>habet</strong></span> <span class='ocrx_word' id='word_1_263' title='bbox 427 3626 669 3688; x_wconf 68' lang='lat' dir='ltr'><strong>eoniciduefnescio</strong></span> <span class='ocrx_word' id='word_1_264' title='bbox 683 3646 717 3679; x_wconf 81' lang='lat' dir='ltr'><strong>en</strong></span> <span class='ocrx_word' id='word_1_265' title='bbox 757 3628 848 3675; x_wconf 79' lang='lat' dir='ltr'><strong>Aurum</strong></span> <span class='ocrx_word' id='word_1_266' title='bbox 867 3634 892 3673; x_wconf 83' lang='lat' dir='ltr'><strong>et</strong></span> <span class='ocrx_word' id='word_1_267' title='bbox 908 3632 1031 3692; x_wconf 74' lang='lat' dir='ltr'><strong>argentum</strong></span> <span class='ocrx_word' id='word_1_268' title='bbox 1052 3640 1101 3671; x_wconf 83' lang='lat' dir='ltr'><strong>non</strong></span> <span class='ocrx_word' id='word_1_269' title='bbox 1118 3619 1220 3691; x_wconf 66' lang='lat' dir='ltr'><strong>perinde</strong></span> <span class='ocrx_word' id='word_1_270' title='bbox 1237 3636 1267 3669; x_wconf 81' lang='lat' dir='ltr'><strong>ae</strong></span> 
     </span>
     <span class='ocr_line' id='line_1_34' title="bbox 206 3694 1265 3777; baseline -0.005 -24"><span class='ocrx_word' id='word_1_271' title='bbox 206 3714 286 3754; x_wconf 85' lang='lat' dir='ltr'><strong>recte.</strong></span> <span class='ocrx_word' id='word_1_272' title='bbox 297 3722 342 3757; x_wconf 73' lang='lat' dir='ltr'><strong>ru.</strong></span> <span class='ocrx_word' id='word_1_273' title='bbox 351 3734 383 3745; x_wconf 90' lang='lat'>—</span> <span class='ocrx_word' id='word_1_274' title='bbox 392 3704 524 3758; x_wconf 78' lang='lat' dir='ltr'><strong>Nomades.</strong></span> <span class='ocrx_word' id='word_1_275' title='bbox 533 3710 644 3771; x_wconf 77' lang='lat' dir='ltr'><strong>Autem,</strong></span> <span class='ocrx_word' id='word_1_276' title='bbox 654 3723 717 3777; x_wconf 82' lang='lat' dir='ltr'><strong>qua·</strong></span> <span class='ocrx_word' id='word_1_277' title='bbox 758 3702 843 3775; x_wconf 80' lang='lat' dir='ltr'><strong>reliqui</strong></span> <span class='ocrx_word' id='word_1_278' title='bbox 850 3701 960 3753; x_wconf 80' lang='lat' dir='ltr'><strong>mortales</strong></span> <span class='ocrx_word' id='word_1_279' title='bbox 965 3699 1086 3770; x_wconf 77' lang='lat' dir='ltr'><strong>adpetunt.</strong></span> <span class='ocrx_word' id='word_1_280' title='bbox 1093 3699 1185 3762; x_wconf 77' lang='lat' dir='ltr'><strong>Quart.</strong></span> <span class='ocrx_word' id='word_1_281' title='bbox 1190 3694 1265 3749; x_wconf 71' lang='lat' dir='ltr'><strong>taeid.</strong></span> 
     </span>
    </p>

    <p class='ocr_par' dir='ltr' id='par_1_5' title="bbox 136 3774 1267 4087">
     <span class='ocr_line' id='line_1_35' title="bbox 136 3774 1262 3853; baseline -0.006 -21"><span class='ocrx_word' id='word_1_282' title='bbox 136 3843 139 3852; x_wconf 35' lang='grc' dir='ltr'><strong><em>Ι</em></strong></span> <span class='ocrx_word' id='word_1_283' title='bbox 205 3781 245 3832; x_wconf 79' lang='lat' dir='ltr'><strong>les</strong></span> <span class='ocrx_word' id='word_1_284' title='bbox 259 3780 355 3833; x_wconf 83' lang='lat' dir='ltr'><strong>Noster</strong></span> <span class='ocrx_word' id='word_1_285' title='bbox 366 3782 420 3835; x_wconf 88' lang='lat' dir='ltr'><strong>boc</strong></span> <span class='ocrx_word' id='word_1_286' title='bbox 432 3784 493 3836; x_wconf 89' lang='lat' dir='ltr'><strong>loco</strong></span> <span class='ocrx_word' id='word_1_287' title='bbox 506 3782 646 3846; x_wconf 76' lang='lat' dir='ltr'><strong>describit,</strong></span> <span class='ocrx_word' id='word_1_288' title='bbox 660 3802 717 3835; x_wconf 88' lang='lat' dir='ltr'><strong>uon</strong></span> <span class='ocrx_word' id='word_1_289' title='bbox 758 3782 837 3834; x_wconf 75' lang='lat' dir='ltr'><strong>babet</strong></span> <span class='ocrx_word' id='word_1_290' title='bbox 842 3778 944 3853; x_wconf 78' lang='lat' dir='ltr'><strong>perinde</strong></span> <span class='ocrx_word' id='word_1_291' title='bbox 954 3790 988 3833; x_wconf 79' lang='lat' dir='ltr'><strong>ut.</strong></span> <span class='ocrx_word' id='word_1_292' title='bbox 1001 3779 1041 3829; x_wconf 85' lang='lat' dir='ltr'><strong>De</strong></span> <span class='ocrx_word' id='word_1_293' title='bbox 1051 3795 1080 3829; x_wconf 90' lang='lat' dir='ltr'><strong>re</strong></span> <span class='ocrx_word' id='word_1_294' title='bbox 1091 3788 1177 3829; x_wconf 80' lang='lat' dir='ltr'><strong>eutem</strong></span> <span class='ocrx_word' id='word_1_295' title='bbox 1191 3774 1262 3827; x_wconf 81' lang='lat' dir='ltr'><strong>conf.</strong></span> 
     </span>
     <span class='ocr_line' id='line_1_36' title="bbox 207 3854 1267 3934; baseline -0.006 -23"><span class='ocrx_word' id='word_1_296' title='bbox 207 3876 299 3913; x_wconf 80' lang='lat' dir='ltr'><strong>omnes</strong></span> <span class='ocrx_word' id='word_1_297' title='bbox 322 3871 397 3913; x_wconf 77' lang='lat' dir='ltr'><strong>erent</strong></span> <span class='ocrx_word' id='word_1_298' title='bbox 421 3863 541 3934; x_wconf 70' lang='lat' dir='ltr'><strong>Scytha,</strong></span> <span class='ocrx_word' id='word_1_299' title='bbox 566 3860 613 3915; x_wconf 77' lang='lat' dir='ltr'><strong>sed</strong></span> <span class='ocrx_word' id='word_1_300' title='bbox 636 3862 717 3932; x_wconf 83' lang='lat' dir='ltr'><strong>louge</strong></span> <span class='ocrx_word' id='word_1_301' title='bbox 757 3860 841 3913; x_wconf 81' lang='lat' dir='ltr'><strong>Tacit.</strong></span> <span class='ocrx_word' id='word_1_302' title='bbox 853 3858 887 3911; x_wconf 91' lang='lat' dir='ltr'><strong>de</strong></span> <span class='ocrx_word' id='word_1_303' title='bbox 901 3857 1037 3912; x_wconf 84' lang='lat' dir='ltr'><strong>Germanis</strong></span> <span class='ocrx_word' id='word_1_304' title='bbox 1053 3874 1110 3926; x_wconf 78' lang='lat' dir='ltr'><strong>cap.</strong></span> <span class='ocrx_word' id='word_1_305' title='bbox 1125 3854 1155 3920; x_wconf 83' lang='lat'><strong>5,</strong></span> <span class='ocrx_word' id='word_1_306' title='bbox 1171 3860 1267 3905; x_wconf 79' lang='lat' dir='ltr'><strong>Posses·</strong></span> 
     </span>
     <span class='ocr_line' id='line_1_37' title="bbox 207 3931 1267 4087; baseline -0.006 -98"><span class='ocrx_word' id='word_1_307' title='bbox 207 3938 299 4069; x_wconf 44' lang='lat' dir='ltr'><strong>3an31</strong></span> <span class='ocrx_word' id='word_1_308' title='bbox 308 3954 401 4065; x_wconf 59' lang='lat' dir='ltr'><strong>eorpgu</strong></span> <span class='ocrx_word' id='word_1_309' title='bbox 413 3958 482 4010; x_wconf 80' lang='lat' dir='ltr'><strong>pure.</strong></span> <span class='ocrx_word' id='word_1_310' title='bbox 498 3939 555 3993; x_wconf 80' lang='lat' dir='ltr'><strong>llec</strong></span> <span class='ocrx_word' id='word_1_311' title='bbox 569 3938 646 3994; x_wconf 82' lang='lat' dir='ltr'><strong>dere</strong></span> <span class='ocrx_word' id='word_1_312' title='bbox 659 3938 715 3995; x_wconf 75' lang='lat' dir='ltr'><strong>rid.</strong></span> <span class='ocrx_word' id='word_1_313' title='bbox 750 3942 823 4087; x_wconf 45' lang='lat' dir='ltr'><strong>&#39;glore</strong></span> <span class='ocrx_word' id='word_1_314' title='bbox 840 3949 865 3990; x_wconf 82' lang='lat' dir='ltr'><strong>et</strong></span> <span class='ocrx_word' id='word_1_315' title='bbox 875 3957 919 3989; x_wconf 85' lang='lat' dir='ltr'><strong>usu</strong></span> <span class='ocrx_word' id='word_1_316' title='bbox 933 3936 1023 4005; x_wconf 81' lang='lat' dir='ltr'><strong>(euri)</strong></span> <span class='ocrx_word' id='word_1_317' title='bbox 1037 3932 1104 3985; x_wconf 72' lang='lat' dir='ltr'><strong>baud</strong></span> <span class='ocrx_word' id='word_1_318' title='bbox 1108 3931 1209 4004; x_wconf 77' lang='lat' dir='ltr'><strong>perinde</strong></span> <span class='ocrx_word' id='word_1_319' title='bbox 1223 3932 1267 3983; x_wconf 78' lang='lat' dir='ltr'><strong>ad·</strong></span> 
     </span>
    </p>

    <p class='ocr_par' dir='ltr' id='par_1_6' title="bbox 234 4021 939 4079">
     <span class='ocr_line' id='line_1_38' title="bbox 234 4021 939 4079; baseline 0 -13"><span class='ocrx_word' id='word_1_320' title='bbox 234 4033 249 4066; x_wconf 83' lang='lat' dir='ltr'><strong>e</strong></span> <span class='ocrx_word' id='word_1_321' title='bbox 300 4026 336 4067; x_wconf 74' lang='lat' dir='ltr'><strong>ot</strong></span> <span class='ocrx_word' id='word_1_322' title='bbox 394 4033 430 4079; x_wconf 85' lang='lat' dir='ltr'><strong>,t</strong></span> <span class='ocrx_word' id='word_1_323' title='bbox 455 4036 522 4079; x_wconf 50' lang='grc' dir='ltr'><strong>ρο.</strong></span> <span class='ocrx_word' id='word_1_324' title='bbox 775 4021 877 4070; x_wconf 74' lang='lat' dir='ltr'><strong>ciuntur.</strong></span> <span class='ocrx_word' id='word_1_325' title='bbox 893 4034 939 4068; x_wconf 78' lang='lat' dir='ltr'><strong>ru.</strong></span> 
     </span>
    </p>

    <p class='ocr_par' dir='ltr' id='par_1_7' title="bbox 244 4036 1265 4163">
     <span class='ocr_line' id='line_1_39' title="bbox 244 4036 1265 4163; baseline -0.004 -18"><span class='ocrx_word' id='word_1_326' title='bbox 244 4095 269 4145; x_wconf 81' lang='lat'><strong>⁵.</strong></span> <span class='ocrx_word' id='word_1_327' title='bbox 290 4095 415 4146; x_wconf 74' lang='lat' dir='ltr'><strong>Iustitia...</strong></span> <span class='ocrx_word' id='word_1_328' title='bbox 433 4036 536 4163; x_wconf 69' lang='lat' dir='ltr'><strong>iegibus.</strong></span> <span class='ocrx_word' id='word_1_329' title='bbox 561 4098 603 4148; x_wconf 79' lang='lat' dir='ltr'><strong>De</strong></span> <span class='ocrx_word' id='word_1_330' title='bbox 625 4096 715 4151; x_wconf 81' lang='lat' dir='ltr'><strong>Germ.</strong></span> <span class='ocrx_word' id='word_1_331' title='bbox 792 4096 973 4149; x_wconf 62' lang='lat' dir='ltr'><strong>&amp;mmmm</strong></span> <span class='ocrx_word' id='word_1_332' title='bbox 987 4102 1093 4144; x_wconf 80' lang='lat' dir='ltr'><strong>utuntur.</strong></span> <span class='ocrx_word' id='word_1_333' title='bbox 1107 4090 1193 4143; x_wconf 83' lang='lat' dir='ltr'><strong>Locus</strong></span> <span class='ocrx_word' id='word_1_334' title='bbox 1210 4087 1265 4141; x_wconf 84' lang='lat' dir='ltr'><strong>sine</strong></span> 
     </span>
    </p>
   </div>
   <div class='ocr_carea' id='block_1_4' title="bbox 0 0 1506 4684">
    <p class='ocr_par' dir='ltr' id='par_1_8' title="bbox 0 0 1506 4684">
     <span class='ocr_line' id='line_1_40' title="bbox 0 0 1506 4684; baseline 0 0"><span class='ocrx_word' id='word_1_335' title='bbox 0 0 1506 4684; x_wconf 95' lang='lat' dir='ltr'><strong> </strong></span> 
     </span>
    </p>
   </div>
  </div>
 </body>
</html>
