2967 4684
223 333 296 419 314
644 332 856 403 JUSTINI

221 482 297 555 sam
313 460 462 530 missum
475 479 531 544 se,
542 470 599 544 ut,
612 458 787 554 quoniam
804 471 954 529 externo
973 455 1078 528 hoste
1096 480 1281 557 oppugna-

193 584 369 658 3rentur,
381 570 540 641 externis
552 566 690 639 auxiliis
700 568 921 663 juvarentur.
936 600 952 633 a
967 568 1097 639 Gratia
1117 592 1136 637 a
1153 583 1282 642 senatu

193 678 578 778 {Carthaginiensibus
589 693 692 767 actae,
703 679 906 777 auxiliaque
917 680 1074 751 remissa.
1084 677 1153 750 Sed
1165 684 1283 779 Magn,

222 793 360 863 Punico
376 792 544 889 ingenio,
559 805 642 888 post
659 814 795 889 paucos
813 788 888 861 dies
906 792 1052 877 tacitus,
1066 790 1166 887 quasi
1186 793 1282 889 paci-

222 898 350 972 ficator
362 900 725 997 Carthaginiensium,
738 899 919 998 Pyrrhum
932 901 1023 990 adit,
1035 900 1283 1001 speculatums

223 1011 374 1083 consilia
390 1014 466 1109 ejus
485 1010 531 1083 de
548 1011 684 1100 Sicilia,
702 1037 777 1109 quo
799 1037 883 1084 eum
904 1014 1065 1084 arcessiri
1084 1010 1179 1083 lama
1197 1027 1282 1085 erat.

196 1126 316 1196 ⁵Nam
334 1126 506 1195 Romanis
524 1124 649 1196 eadem
667 1148 792 1195 caussa
812 1123 980 1195 mittendi
1001 1124 1121 1195 auxilii
1139 1123 1286 1196 Cartha-

223 1235 448 1332 giniensibus
468 1233 601 1324 fuerat,
618 1251 659 1306 ut
677 1241 843 1308 Romano
865 1236 981 1325 hello,
1002 1262 1050 1307 ne
1070 1238 1109 1306 in
1131 1235 1284 1307 Siciliam

196 1350 376 1418 stransire
401 1362 523 1448 posset
546 1347 726 1445 Pyrrhus,
747 1352 787 1420 in
811 1349 912 1421 Italia
937 1348 1169 1421 detineretur.
1188 1351 1285 1419 Dum

224 1456 302 1530 haec
317 1474 489 1557 aguntur,
504 1459 641 1557 legatus
654 1485 673 1532 a
688 1476 816 1532 senatu
829 1466 993 1533 Romano
1006 1460 1189 1532 Fabricius
1201 1464 1287 1529 Lus

196 1598 213 1650 7
225 1572 330 1641 cinus
343 1572 486 1658 missus,
497 1596 623 1670 pacem
637 1596 720 1643 cum
732 1571 874 1667 Pyrrho
886 1572 1099 1672 composuit.
1112 1570 1166 1643 Ad
1178 1592 1286 1666 quam

225 1679 513 1753 confirmandam
526 1684 654 1755 Cineas
667 1687 819 1753 Romam
835 1708 918 1753 cum
936 1680 1146 1779 ingentibus
1163 1704 1184 1750 a
1200 1682 1287 1775 Pyr-

224 1788 296 1860 rho
312 1789 419 1861 donis
429 1794 577 1881 missus,
588 1793 793 1882 neminem,
809 1794 910 1889 cujus
929 1792 1059 1864 domus
1074 1788 1288 1863 muneribus

198 1914 383 1997 spaterct,
396 1902 546 1973 invenit
558 1905 651 1974 Huic
666 1906 901 1975 continentia
912 1910 1159 1975 Romanorum
1174 1900 1288 1973 simile

199 2012 431 2110 9exemplum
446 2013 572 2085 iisdem
586 2012 699 2087 lerme
716 2014 943 2113 temporibus
957 2012 1034 2085 luit.
1049 2019 1140 2087 Nam
1157 2014 1289 2085 missia

227 2138 355 2195 senatu
367 2126 407 2196 in
421 2128 613 2224 AEgyptum
626 2126 731 2223 legati
747 2150 861 2224 quum
878 2126 1038 2224 ingentia
1054 2124 1121 2197 sibi
1135 2150 1155 2197 a
1172 2124 1289 2197 Ptole-

226 2260 319 2305 maeo
327 2260 409 2333 rege
419 2238 526 2308 missa
535 2262 687 2309 munera
699 2240 935 2338 sprevissent,
946 2237 1143 2332 interjectis
1150 2234 1290 2321 diebus,

227 2346 275 2417 ad
287 2369 430 2429 coenam
442 2350 601 2421 invitatis
611 2374 726 2421 aureae
738 2374 884 2421 coronae
898 2350 1012 2419 missae
1025 2363 1128 2419 sunt:
1139 2372 1228 2445 quas
1239 2346 1291 2417 illi

229 2455 382 2529 honoris
391 2467 516 2529 caussa
523 2475 704 2558 receptas,
713 2474 858 2559 postera
868 2458 926 2531 die
936 2462 1061 2531 statuis
1072 2461 1164 2557 regis
1176 2462 1291 2558 impo-

228 2646 278 2699 leri
290 2646 348 2701 vult
360 2646 457 2712 Fabe13
470 2646 530 2699 coll.
545 2648 643 2713 XXII,
655 2648 685 2713 3,
697 2666 740 2701 ro.
781 2658 922 2699 exercentur
934 2646 1008 2709 bello,
1021 2648 1080 2697 cives
1090 2643 1185 2706 labora,
1197 2644 1292 2714 sapien-

265 2724 738 2791 Il.4.Arcessiri.PluresMSS.arcassi,
781 2738 816 2777 tes
833 2725 958 2787 doctrina,·
973 2723 1122 2777 Siculorum
1136 2739 1143 2773 :
1157 2720 1231 2793 Apud
1247 2740 1292 2771 nos

230 2802 359 2867 utMed.‚
369 2803 451 2856 Paria.
461 2804 739 2861 accersihtilleinlin.
775 2807 873 2874 justitia
892 2817 1014 2857 exercetur
1026 2806 1050 2854 in
1059 2802 1170 2873 juda'cio;
1182 2798 1249 2870 fides
1266 2803 1293 2849 in

230 2884 338 2953 conjug.
357 2895 455 2953 quarta
470 2882 565 2936 eodem
578 2898 604 2937 te
620 2884 740 2951 reducit,
781 2895 900 2946 mercatu,
920 2872 1056 2956 oequitasi‘n
1073 2901 1098 2932 re
1117 2880 1191 2942 civili,·
1209 2878 1292 2931 Athe·

231 2978 286 3031 qno
296 2965 417 3025 arcessivi,
431 2965 576 3015 crematum.
782 2962 914 3015 niensium
929 2979 936 3014 :
951 2968 1042 3013 Nostra
1053 2980 1114 3032 resp.
1134 2977 1184 3011 non
1200 2962 1295 3029 μάτω-

268 3041 292 3091 5.
306 3044 371 3091 Num
382 3042 623 3109 Romania...fioemt.
635 3043 704 3095 Nam
712 3053 742 3094 ut
782 3041 864 3093 divisa
868 3044 974 3112 partiam
981 3039 1112 3101 πιιᾰίωω,
1123 3053 1172 3089 mn
1176 3054 1294 3109 prapaes

231 3118 742 3185 Romaniaauxilinmmitterent,eadem
782 3122 889 3185 otiosos,
912 3138 962 3171 non
983 3121 1137 3189 magistram
1158 3118 1294 3187 aitqaerit053

232 3197 492 3270 Carthaginiensibus
499 3200 692 3265 fuentcaussa3
702 3200 742 3252 ni·
783 3196 950 3251 Rhodiorum
960 3215 967 3251 :
982 3203 1053 3249 Senes
1065 3200 1141 3248 nostn'
1151 3208 1210 3248 sunt
1219 3215 1294 3247 nene·

232 3277 331 3329 mirum
340 3278 410 3341 hiae,
422 3288 481 3330 ut...
784 3276 868 3340 randi,
875 3279 975 3346 juvenes
986 3274 1097 3339 modesti,
1112 3294 1199 3326 uxores
1208 3284 1295 3337 caste,-

254 3363 294 3427 '7.
310 3358 405 3408 Cineas.
419 3355 478 3410 Liv.
494 3355 628 3423 XXXIV,
641 3364 665 3421 4.
679 3356 743 3409 Plu·
786 3356 993 3426 Spartanorum:
1006 3360 1097 3425 &aaa
1108 3374 1157 3406 non
1171 3354 1296 3405 domium

232 3434 316 3488 weh.
329 3434 358 3489 in
370 3434 464 3510 Pyrrh.
481 3442 522 3499 16.
786 3445 826 3485 tur
837 3437 936 3485 auaritia
942 3474 951 3498 ,
967 3432 1068 3498 invidia,
1083 3432 1191 3497 desidia,·
1203 3432 1295 3504 Sicyo·

269 3532 294 3582 9.
308 3514 445 3567 Ptolemaeo.
459 3514 634 3585 Philadelpho
646 3512 746 3579 XVII,
786 3512 893 3566 niorum
907 3530 914 3566 t
927 3518 980 3565 Nos
996 3514 1090 3585 quidem
1108 3512 1195 3565 civibus
1210 3514 1297 3563 nostris

236 3611 267 3656 a,
280 3610 307 3660 9.
321 3594 362 3647 De
378 3613 407 3647 re
425 3594 497 3647 conl.
514 3594 637 3647 Freinsh.
656 3594 745 3665 suppl.
787 3612 835 3645 non
847 3596 1005 3665 permittimus
1014 3594 1233 3665 peregrinationes,
1247 3608 1296 3641 non

234 3671 295 3723 Liv.
307 3671 386 3739 XIV,
400 3674 443 3727 38.
463 3674 550 3746 Atque
561 3673 626 3727 hnic
637 3672 747 3746 quidem
781 3676 889 3745 patriam·
900 3672 1017 3736 medicos,
1033 3674 1075 3745 qui
1086 3690 1158 3723 sanos
1173 3668 1295 3733 occi'dant,

235 3750 309 3819 regi,
328 3750 453 3823 quidest
474 3751 546 3824 apud
565 3772 615 3806 vos
634 3753 747 3805 maxime
787 3772 831 3804 nec
846 3772 982 3805 caussarum
999 3764 1117 3823 patronos
1135 3762 1161 3801 et
1174 3760 1297 3809 emtam,

236 3830 404 3882 memorabile
416 3842 494 3902 atque
509 3830 656 3883 laudabile?
667 3831 748 3884 luten
788 3836 830 3905 qui
841 3852 878 3884 res
884 3832 1034 3905 perturbent.
1046 3861 1080 3871 -
1089 3832 1194 3883 Honoris
1204 3846 1297 3880 camsa.

236 3907 341 3976 roganti
354 3908 492 3982 respondit
503 3910 638 3983 quondam
651 3912 748 3963 Roma·
788 3912 864 3964 MSS.
883 3912 967 3982 Boug.
987 3910 1088 3961 Immitis
1108 3926 1208 3972 cerusa,
1227 3903 1299 3957 unde

237 3986 745 4056 norumlegatnadlomanivmnturlleos,
789 3990 908 4041 Freinsh.
916 3990 1024 4061 conjicit
1032 3989 1126 4051 amah,
1136 3996 1300 4047 nouantem,

235 4075 325 4133 parem
341 4066 529 4134 magistratibus,
547 4071 654 4138 puniunt
668 4072 747 4129 vitiu
788 4080 819 4119 nt
832 4068 887 4139 ipse
899 4068 973 4132 vult,
985 4067 1047 4119 mali
1062 4064 1124 4130 sed,
1136 4077 1167 4117 ut
1181 4062 1301 4117 Gravius

241 4140 521 4213 Carthaginiensium:
546 4144 647 4197 Nobiles
673 4150 750 4199 nostri
789 4144 983 4217 interpretum,
995 4144 1078 4211 honi,
1097 4160 1181 4216 quum
1203 4158 1300 4195 corona
