<?xml version="1.0" encoding="UTF-8"?>
<!DOCTYPE html PUBLIC "-//W3C//DTD XHTML 1.0 Transitional//EN"
    "http://www.w3.org/TR/xhtml1/DTD/xhtml1-transitional.dtd">
<html xmlns="http://www.w3.org/1999/xhtml" xml:lang="en" lang="en">
 <head>
  <title>
</title>
<meta http-equiv="Content-Type" content="text/html;charset=utf-8" />
  <meta name='ocr-system' content='tesseract 3.04.00' />
  <meta name='ocr-capabilities' content='ocr_page ocr_carea ocr_par ocr_line ocrx_word'/>
</head>
<body>
  <div class='ocr_page' id='page_1' title='image "./justinihistoria00lemagoog_0554.png"; bbox 0 0 2967 4684; ppageno 0'>
   <div class='ocr_carea' id='block_1_1' title="bbox 339 377 1242 476">
    <p class='ocr_par' dir='ltr' id='par_1_1' title="bbox 339 377 1242 476">
     <span class='ocr_line' id='line_1_1' title="bbox 339 377 1242 476; baseline 0.004 -30"><span class='ocrx_word' id='word_1_1' title='bbox 339 377 724 446; x_wconf 81' lang='lat' dir='ltr'><strong>HISTORIARUM</strong></span> <span class='ocrx_word' id='word_1_2' title='bbox 748 379 908 448; x_wconf 85' lang='lat' dir='ltr'><strong>LIBER</strong></span> <span class='ocrx_word' id='word_1_3' title='bbox 933 381 1083 449; x_wconf 88' lang='lat' dir='ltr'><strong>XLIII.</strong></span> <span class='ocrx_word' id='word_1_4' title='bbox 1171 377 1242 476; x_wconf 79' lang='lat'><strong>519</strong></span> 
     </span>
    </p>
   </div>
   <div class='ocr_carea' id='block_1_2' title="bbox 180 497 1291 2922">
    <p class='ocr_par' dir='ltr' id='par_1_2' title="bbox 180 497 1291 2783">
     <span class='ocr_line' id='line_1_2' title="bbox 181 497 1242 598; baseline 0.001 -27"><span class='ocrx_word' id='word_1_5' title='bbox 181 498 316 571; x_wconf 90' lang='lat' dir='ltr'><strong>multos</strong></span> <span class='ocrx_word' id='word_1_6' title='bbox 326 497 439 570; x_wconf 75' lang='lat' dir='ltr'><strong>fortes</strong></span> <span class='ocrx_word' id='word_1_7' title='bbox 451 524 494 572; x_wconf 86' lang='lat' dir='ltr'><strong>ac</strong></span> <span class='ocrx_word' id='word_1_8' title='bbox 506 514 674 572; x_wconf 86' lang='lat' dir='ltr'><strong>strenuos</strong></span> <span class='ocrx_word' id='word_1_9' title='bbox 686 501 784 570; x_wconf 83' lang='lat' dir='ltr'><strong>viros</strong></span> <span class='ocrx_word' id='word_1_10' title='bbox 799 497 945 598; x_wconf 85' lang='lat' dir='ltr'><strong>hospitii</strong></span> <span class='ocrx_word' id='word_1_11' title='bbox 960 501 1042 596; x_wconf 87' lang='lat' dir='ltr'><strong>jure</strong></span> <span class='ocrx_word' id='word_1_12' title='bbox 1055 501 1095 570; x_wconf 88' lang='lat' dir='ltr'><strong>in</strong></span> <span class='ocrx_word' id='word_1_13' title='bbox 1112 498 1242 572; x_wconf 86' lang='lat' dir='ltr'><strong>urbem</strong></span> 
     </span>
     <span class='ocr_line' id='line_1_3' title="bbox 181 607 1243 709; baseline 0.003 -30"><span class='ocrx_word' id='word_1_14' title='bbox 181 608 295 691; x_wconf 88' lang='lat' dir='ltr'><strong>misit;</strong></span> <span class='ocrx_word' id='word_1_15' title='bbox 314 607 435 706; x_wconf 91' lang='lat' dir='ltr'><strong>plures</strong></span> <span class='ocrx_word' id='word_1_16' title='bbox 452 611 578 708; x_wconf 86' lang='lat' dir='ltr'><strong>sirpeis</strong></span> <span class='ocrx_word' id='word_1_17' title='bbox 593 609 762 698; x_wconf 79' lang='lat' dir='ltr'><strong>latentes,</strong></span> <span class='ocrx_word' id='word_1_18' title='bbox 779 607 1045 708; x_wconf 85' lang='lat' dir='ltr'><strong>frondibusque</strong></span> <span class='ocrx_word' id='word_1_19' title='bbox 1063 626 1243 709; x_wconf 87' lang='lat' dir='ltr'><strong>supertec-</strong></span> 
     </span>
     <span class='ocr_line' id='line_1_4' title="bbox 180 717 1272 820; baseline 0.009 -30"><span class='ocrx_word' id='word_1_20' title='bbox 180 730 240 790; x_wconf 89' lang='lat' dir='ltr'><strong>tos</strong></span> <span class='ocrx_word' id='word_1_21' title='bbox 264 717 389 791; x_wconf 91' lang='lat' dir='ltr'><strong>induci</strong></span> <span class='ocrx_word' id='word_1_22' title='bbox 411 719 585 794; x_wconf 83' lang='lat' dir='ltr'><strong>vehiculis</strong></span> <span class='ocrx_word' id='word_1_23' title='bbox 604 721 729 817; x_wconf 63' lang='lat' dir='ltr'><strong>juben</strong></span> <span class='ocrx_word' id='word_1_24' title='bbox 751 735 786 792; x_wconf 93' lang='lat' dir='ltr'><strong>et</strong></span> <span class='ocrx_word' id='word_1_25' title='bbox 807 723 883 820; x_wconf 89' lang='lat' dir='ltr'><strong>ipse</strong></span> <span class='ocrx_word' id='word_1_26' title='bbox 909 747 992 794; x_wconf 87' lang='lat' dir='ltr'><strong>cum</strong></span> <span class='ocrx_word' id='word_1_27' title='bbox 1019 723 1179 794; x_wconf 84' lang='lat' dir='ltr'><strong>exercitu</strong></span> <span class='ocrx_word' id='word_1_28' title='bbox 1202 724 1272 800; x_wconf 86' lang='lat' dir='ltr'><strong>in7</strong></span> 
     </span>
     <span class='ocr_line' id='line_1_5' title="bbox 181 831 1242 930; baseline 0.006 -32"><span class='ocrx_word' id='word_1_29' title='bbox 181 831 355 926; x_wconf 83' lang='lat' dir='ltr'><strong>proximis</strong></span> <span class='ocrx_word' id='word_1_30' title='bbox 365 831 553 919; x_wconf 89' lang='lat' dir='ltr'><strong>montibus</strong></span> <span class='ocrx_word' id='word_1_31' title='bbox 566 832 762 921; x_wconf 88' lang='lat' dir='ltr'><strong>delitescit;</strong></span> <span class='ocrx_word' id='word_1_32' title='bbox 780 846 838 920; x_wconf 89' lang='lat' dir='ltr'><strong>ut,</strong></span> <span class='ocrx_word' id='word_1_33' title='bbox 857 857 970 930; x_wconf 91' lang='lat' dir='ltr'><strong>quum</strong></span> <span class='ocrx_word' id='word_1_34' title='bbox 988 847 1098 906; x_wconf 88' lang='lat' dir='ltr'><strong>nocte</strong></span> <span class='ocrx_word' id='word_1_35' title='bbox 1114 857 1135 902; x_wconf 86' lang='lat' dir='ltr'><strong>a</strong></span> <span class='ocrx_word' id='word_1_36' title='bbox 1153 858 1242 930; x_wconf 80' lang='lat' dir='ltr'><strong>prae·</strong></span> 
     </span>
     <span class='ocr_line' id='line_1_6' title="bbox 181 939 1244 1044; baseline 0.007 -34"><span class='ocrx_word' id='word_1_37' title='bbox 181 939 286 1011; x_wconf 90' lang='lat' dir='ltr'><strong>dictis</strong></span> <span class='ocrx_word' id='word_1_38' title='bbox 315 958 447 1041; x_wconf 77' lang='lat' dir='ltr'><strong>aperte</strong></span> <span class='ocrx_word' id='word_1_39' title='bbox 475 960 588 1044; x_wconf 77' lang='lat' dir='ltr'><strong>porte</strong></span> <span class='ocrx_word' id='word_1_40' title='bbox 619 942 765 1032; x_wconf 85' lang='lat' dir='ltr'><strong>lorent,</strong></span> <span class='ocrx_word' id='word_1_41' title='bbox 786 947 994 1042; x_wconf 87' lang='lat' dir='ltr'><strong>tempestive</strong></span> <span class='ocrx_word' id='word_1_42' title='bbox 1021 942 1067 1016; x_wconf 88' lang='lat' dir='ltr'><strong>ad</strong></span> <span class='ocrx_word' id='word_1_43' title='bbox 1097 941 1244 1016; x_wconf 81' lang='lat' dir='ltr'><strong>insidias</strong></span> 
     </span>
     <span class='ocr_line' id='line_1_7' title="bbox 181 1049 1244 1154; baseline 0.004 -32"><span class='ocrx_word' id='word_1_44' title='bbox 181 1049 339 1141; x_wconf 76' lang='lat' dir='ltr'><strong>adesset,</strong></span> <span class='ocrx_word' id='word_1_45' title='bbox 354 1055 558 1154; x_wconf 83' lang='lat' dir='ltr'>urbemque</span> <span class='ocrx_word' id='word_1_46' title='bbox 574 1081 706 1128; x_wconf 89' lang='lat' dir='ltr'><strong>somno</strong></span> <span class='ocrx_word' id='word_1_47' title='bbox 723 1079 766 1126; x_wconf 93' lang='lat' dir='ltr'><strong>ac</strong></span> <span class='ocrx_word' id='word_1_48' title='bbox 787 1057 874 1126; x_wconf 81' lang='lat' dir='ltr'><strong>vino</strong></span> <span class='ocrx_word' id='word_1_49' title='bbox 897 1053 1073 1152; x_wconf 83' lang='lat' dir='ltr'><strong>sepultam</strong></span> <span class='ocrx_word' id='word_1_50' title='bbox 1099 1055 1244 1126; x_wconf 89' lang='lat' dir='ltr'><strong>armatis</strong></span> 
     </span>
     <span class='ocr_line' id='line_1_8' title="bbox 181 1161 1272 1262; baseline 0 -30"><span class='ocrx_word' id='word_1_51' title='bbox 181 1161 376 1237; x_wconf 87' lang='lat' dir='ltr'><strong>invaderet</strong></span> <span class='ocrx_word' id='word_1_52' title='bbox 396 1167 465 1239; x_wconf 90' lang='lat' dir='ltr'><strong>Sed</strong></span> <span class='ocrx_word' id='word_1_53' title='bbox 487 1167 552 1239; x_wconf 84' lang='lat' dir='ltr'><strong>bas</strong></span> <span class='ocrx_word' id='word_1_54' title='bbox 575 1165 722 1238; x_wconf 77' lang='lat' dir='ltr'><strong>insidias</strong></span> <span class='ocrx_word' id='word_1_55' title='bbox 737 1164 866 1236; x_wconf 90' lang='lat' dir='ltr'><strong>mulier</strong></span> <span class='ocrx_word' id='word_1_56' title='bbox 881 1163 1061 1262; x_wconf 73' lang='lat' dir='ltr'><strong>quedam,</strong></span> <span class='ocrx_word' id='word_1_57' title='bbox 1073 1165 1165 1260; x_wconf 88' lang='lat' dir='ltr'><strong>regis</strong></span> <span class='ocrx_word' id='word_1_58' title='bbox 1181 1179 1272 1235; x_wconf 83' lang='lat' dir='ltr'><strong>co·8</strong></span> 
     </span>
     <span class='ocr_line' id='line_1_9' title="bbox 181 1273 1243 1375; baseline 0.002 -31"><span class='ocrx_word' id='word_1_59' title='bbox 181 1274 562 1375; x_wconf 82' lang='lat' dir='ltr'><strong>gnata,prodidit,quae</strong></span> <span class='ocrx_word' id='word_1_60' title='bbox 571 1277 772 1348; x_wconf 76' lang='lat' dir='ltr'><strong>adulterare</strong></span> <span class='ocrx_word' id='word_1_61' title='bbox 782 1300 866 1348; x_wconf 89' lang='lat' dir='ltr'><strong>cum</strong></span> <span class='ocrx_word' id='word_1_62' title='bbox 876 1279 1004 1347; x_wconf 80' lang='lat' dir='ltr'><strong>Graeco</strong></span> <span class='ocrx_word' id='word_1_63' title='bbox 1016 1273 1243 1346; x_wconf 79' lang='lat' dir='ltr'><strong>adolescente</strong></span> 
     </span>
     <span class='ocr_line' id='line_1_10' title="bbox 181 1383 1243 1485; baseline 0.001 -32"><span class='ocrx_word' id='word_1_64' title='bbox 181 1383 301 1471; x_wconf 84' lang='lat' dir='ltr'><strong>solita,</strong></span> <span class='ocrx_word' id='word_1_65' title='bbox 313 1387 351 1455; x_wconf 92' lang='lat' dir='ltr'><strong>in</strong></span> <span class='ocrx_word' id='word_1_66' title='bbox 367 1388 537 1485; x_wconf 77' lang='lat' dir='ltr'><strong>amplexu</strong></span> <span class='ocrx_word' id='word_1_67' title='bbox 550 1388 712 1484; x_wconf 84' lang='lat' dir='ltr'><strong>juvenis,</strong></span> <span class='ocrx_word' id='word_1_68' title='bbox 724 1389 891 1459; x_wconf 85' lang='lat' dir='ltr'><strong>miserata</strong></span> <span class='ocrx_word' id='word_1_69' title='bbox 908 1385 1033 1458; x_wconf 84' lang='lat' dir='ltr'><strong>formae</strong></span> <span class='ocrx_word' id='word_1_70' title='bbox 1048 1386 1140 1480; x_wconf 82' lang='lat' dir='ltr'><strong>ejus,</strong></span> <span class='ocrx_word' id='word_1_71' title='bbox 1157 1385 1243 1456; x_wconf 81' lang='lat' dir='ltr'><strong>insi·</strong></span> 
     </span>
     <span class='ocr_line' id='line_1_11' title="bbox 180 1491 1273 1594; baseline 0.004 -32"><span class='ocrx_word' id='word_1_72' title='bbox 180 1491 257 1563; x_wconf 88' lang='lat' dir='ltr'><strong>dias</strong></span> <span class='ocrx_word' id='word_1_73' title='bbox 274 1497 402 1591; x_wconf 81' lang='lat' dir='ltr'><strong>aperit,</strong></span> <span class='ocrx_word' id='word_1_74' title='bbox 416 1526 433 1562; x_wconf 76' lang='grc' dir='ltr'>α</span> <span class='ocrx_word' id='word_1_75' title='bbox 447 1498 722 1594; x_wconf 81' lang='lat' dir='ltr'><strong>periculumque</strong></span> <span class='ocrx_word' id='word_1_76' title='bbox 735 1497 917 1568; x_wconf 86' lang='lat' dir='ltr'><strong>declinare</strong></span> <span class='ocrx_word' id='word_1_77' title='bbox 928 1527 945 1562; x_wconf 74' lang='lat' dir='ltr'><strong>s</strong></span> <span class='ocrx_word' id='word_1_78' title='bbox 956 1495 1070 1592; x_wconf 77' lang='lat' dir='ltr'><strong>J&#39;ubet.</strong></span> <span class='ocrx_word' id='word_1_79' title='bbox 1085 1495 1149 1566; x_wconf 91' lang='lat' dir='ltr'><strong>Ille</strong></span> <span class='ocrx_word' id='word_1_80' title='bbox 1164 1519 1273 1574; x_wconf 76' lang='lat' dir='ltr'><strong>remo</strong></span> 
     </span>
     <span class='ocr_line' id='line_1_12' title="bbox 180 1602 1244 1706; baseline 0.003 -35"><span class='ocrx_word' id='word_1_81' title='bbox 180 1603 301 1672; x_wconf 83' lang='lat' dir='ltr'><strong>statim</strong></span> <span class='ocrx_word' id='word_1_82' title='bbox 315 1602 361 1674; x_wconf 87' lang='lat' dir='ltr'><strong>ad</strong></span> <span class='ocrx_word' id='word_1_83' title='bbox 372 1607 598 1703; x_wconf 80' lang='lat' dir='ltr'><strong>magistratus</strong></span> <span class='ocrx_word' id='word_1_84' title='bbox 613 1603 749 1695; x_wconf 79' lang='lat' dir='ltr'><strong>defert3</strong></span> <span class='ocrx_word' id='word_1_85' title='bbox 764 1622 873 1704; x_wconf 86' lang='lat' dir='ltr'><strong>atque</strong></span> <span class='ocrx_word' id='word_1_86' title='bbox 890 1611 938 1678; x_wconf 93' lang='lat' dir='ltr'><strong>ita</strong></span> <span class='ocrx_word' id='word_1_87' title='bbox 955 1603 1141 1706; x_wconf 79' lang='lat' dir='ltr'><strong>patefactis</strong></span> <span class='ocrx_word' id='word_1_88' title='bbox 1156 1605 1244 1676; x_wconf 90' lang='lat' dir='ltr'><strong>insi-</strong></span> 
     </span>
     <span class='ocr_line' id='line_1_13' title="bbox 182 1710 1244 1815; baseline 0.003 -32"><span class='ocrx_word' id='word_1_89' title='bbox 182 1710 270 1800; x_wconf 87' lang='lat' dir='ltr'><strong>diis,</strong></span> <span class='ocrx_word' id='word_1_90' title='bbox 291 1719 413 1786; x_wconf 87' lang='lat' dir='ltr'><strong>cuncti</strong></span> <span class='ocrx_word' id='word_1_91' title='bbox 437 1719 586 1814; x_wconf 79' lang='lat' dir='ltr'><strong>Ligures</strong></span> <span class='ocrx_word' id='word_1_92' title='bbox 611 1717 994 1815; x_wconf 87' lang='lat' dir='ltr'><strong>comprehenduntur,</strong></span> <span class='ocrx_word' id='word_1_93' title='bbox 1018 1716 1244 1812; x_wconf 83' lang='lat' dir='ltr'><strong>latentesque</strong></span> 
     </span>
     <span class='ocr_line' id='line_1_14' title="bbox 182 1821 1291 1923; baseline 0.005 -30"><span class='ocrx_word' id='word_1_94' title='bbox 182 1821 228 1894; x_wconf 93' lang='lat' dir='ltr'><strong>de</strong></span> <span class='ocrx_word' id='word_1_95' title='bbox 245 1825 371 1921; x_wconf 88' lang='lat' dir='ltr'><strong>sirpeis</strong></span> <span class='ocrx_word' id='word_1_96' title='bbox 385 1827 660 1923; x_wconf 84' lang='lat' dir='ltr'><strong>protrahuntur.</strong></span> <span class='ocrx_word' id='word_1_97' title='bbox 678 1827 821 1917; x_wconf 85' lang='lat' dir='ltr'><strong>Quibus</strong></span> <span class='ocrx_word' id='word_1_98' title='bbox 838 1827 1009 1900; x_wconf 89' lang='lat' dir='ltr'><strong>omnibus</strong></span> <span class='ocrx_word' id='word_1_99' title='bbox 1026 1824 1244 1916; x_wconf 83' lang='lat' dir='ltr'><strong>interfectis,</strong></span> <span class='ocrx_word' id='word_1_100' title='bbox 1257 1854 1291 1890; x_wconf 82' lang='grc' dir='ltr'><strong>ιο</strong></span> 
     </span>
     <span class='ocr_line' id='line_1_15' title="bbox 180 1933 1243 2038; baseline 0.005 -34"><span class='ocrx_word' id='word_1_101' title='bbox 180 1933 367 2006; x_wconf 88' lang='lat' dir='ltr'><strong>insidianti</strong></span> <span class='ocrx_word' id='word_1_102' title='bbox 383 1940 456 2036; x_wconf 89' lang='lat' dir='ltr'><strong>regi</strong></span> <span class='ocrx_word' id='word_1_103' title='bbox 475 1939 613 2010; x_wconf 72' lang='lat' dir='ltr'><strong>insidiae</strong></span> <span class='ocrx_word' id='word_1_104' title='bbox 631 1937 919 2038; x_wconf 82' lang='lat' dir='ltr'><strong>praetenduntur.</strong></span> <span class='ocrx_word' id='word_1_105' title='bbox 936 1943 1034 2010; x_wconf 85' lang='lat' dir='ltr'><strong>Caesa</strong></span> <span class='ocrx_word' id='word_1_106' title='bbox 1055 1951 1142 2009; x_wconf 92' lang='lat' dir='ltr'><strong>sunt</strong></span> <span class='ocrx_word' id='word_1_107' title='bbox 1160 1961 1243 2009; x_wconf 92' lang='lat' dir='ltr'><strong>cum</strong></span> 
     </span>
     <span class='ocr_line' id='line_1_16' title="bbox 180 2043 1288 2148; baseline 0.005 -32"><span class='ocrx_word' id='word_1_108' title='bbox 180 2043 261 2141; x_wconf 88' lang='lat' dir='ltr'><strong>ipso</strong></span> <span class='ocrx_word' id='word_1_109' title='bbox 279 2069 363 2142; x_wconf 86' lang='lat' dir='ltr'><strong>rege</strong></span> <span class='ocrx_word' id='word_1_110' title='bbox 379 2046 537 2120; x_wconf 91' lang='lat' dir='ltr'><strong>hostium</strong></span> <span class='ocrx_word' id='word_1_111' title='bbox 554 2063 694 2148; x_wconf 88' lang='lat' dir='ltr'><strong>septem</strong></span> <span class='ocrx_word' id='word_1_112' title='bbox 708 2047 829 2119; x_wconf 86' lang='lat' dir='ltr'><strong>millia.</strong></span> <span class='ocrx_word' id='word_1_113' title='bbox 846 2047 985 2119; x_wconf 81' lang='lat' dir='ltr'><strong>Exinde</strong></span> <span class='ocrx_word' id='word_1_114' title='bbox 1004 2047 1244 2121; x_wconf 85' lang='lat' dir='ltr'><strong>Massilienses</strong></span> <span class='ocrx_word' id='word_1_115' title='bbox 1258 2075 1288 2112; x_wconf 84' lang='lat'><strong>11</strong></span> 
     </span>
     <span class='ocr_line' id='line_1_17' title="bbox 181 2149 1245 2254; baseline 0.006 -31"><span class='ocrx_word' id='word_1_116' title='bbox 181 2149 281 2224; x_wconf 84' lang='lat' dir='ltr'><strong>festis</strong></span> <span class='ocrx_word' id='word_1_117' title='bbox 302 2153 446 2245; x_wconf 85' lang='lat' dir='ltr'><strong>diebus,</strong></span> <span class='ocrx_word' id='word_1_118' title='bbox 465 2174 589 2254; x_wconf 87' lang='lat' dir='ltr'><strong>portas</strong></span> <span class='ocrx_word' id='word_1_119' title='bbox 612 2157 796 2246; x_wconf 89' lang='lat' dir='ltr'><strong>claudere,</strong></span> <span class='ocrx_word' id='word_1_120' title='bbox 813 2157 950 2254; x_wconf 81' lang='lat' dir='ltr'><strong>vigilias</strong></span> <span class='ocrx_word' id='word_1_121' title='bbox 975 2181 1098 2254; x_wconf 85' lang='lat' dir='ltr'><strong>agere,</strong></span> <span class='ocrx_word' id='word_1_122' title='bbox 1121 2160 1245 2230; x_wconf 90' lang='lat' dir='ltr'><strong>statio-</strong></span> 
     </span>
     <span class='ocr_line' id='line_1_18' title="bbox 183 2265 1244 2365; baseline 0.008 -33"><span class='ocrx_word' id='word_1_123' title='bbox 183 2285 270 2333; x_wconf 87' lang='lat' dir='ltr'><strong>nem</strong></span> <span class='ocrx_word' id='word_1_124' title='bbox 295 2265 334 2333; x_wconf 92' lang='lat' dir='ltr'><strong>in</strong></span> <span class='ocrx_word' id='word_1_125' title='bbox 359 2268 469 2336; x_wconf 87' lang='lat' dir='ltr'><strong>muris</strong></span> <span class='ocrx_word' id='word_1_126' title='bbox 496 2267 709 2354; x_wconf 86' lang='lat' dir='ltr'><strong>observare,</strong></span> <span class='ocrx_word' id='word_1_127' title='bbox 729 2269 940 2365; x_wconf 82' lang='lat' dir='ltr'><strong>peregrinos</strong></span> <span class='ocrx_word' id='word_1_128' title='bbox 962 2291 1244 2365; x_wconf 83' lang='lat' dir='ltr'><strong>recognoscere,</strong></span> 
     </span>
     <span class='ocr_line' id='line_1_19' title="bbox 184 2371 1244 2466; baseline 0.004 -22"><span class='ocrx_word' id='word_1_129' title='bbox 184 2397 291 2444; x_wconf 87' lang='lat' dir='ltr'><strong>curas</strong></span> <span class='ocrx_word' id='word_1_130' title='bbox 307 2371 460 2464; x_wconf 87' lang='lat' dir='ltr'><strong>habere,</strong></span> <span class='ocrx_word' id='word_1_131' title='bbox 476 2401 538 2465; x_wconf 89' lang='lat' dir='ltr'><strong>ac,</strong></span> <span class='ocrx_word' id='word_1_132' title='bbox 556 2377 665 2448; x_wconf 87' lang='lat' dir='ltr'><strong>veluti</strong></span> <span class='ocrx_word' id='word_1_133' title='bbox 686 2377 822 2450; x_wconf 84' lang='lat' dir='ltr'><strong>bellurn</strong></span> <span class='ocrx_word' id='word_1_134' title='bbox 846 2377 1022 2466; x_wconf 85' lang='lat' dir='ltr'><strong>habeant,</strong></span> <span class='ocrx_word' id='word_1_135' title='bbox 1041 2380 1092 2448; x_wconf 85' lang='lat' dir='ltr'><strong>sic</strong></span> <span class='ocrx_word' id='word_1_136' title='bbox 1114 2375 1244 2448; x_wconf 88' lang='lat' dir='ltr'><strong>urbem</strong></span> 
     </span>
     <span class='ocr_line' id='line_1_20' title="bbox 184 2485 1288 2584; baseline 0 -28"><span class='ocrx_word' id='word_1_137' title='bbox 184 2487 283 2583; x_wconf 85' lang='lat' dir='ltr'><strong>pacis</strong></span> <span class='ocrx_word' id='word_1_138' title='bbox 300 2487 523 2584; x_wconf 79' lang='lat' dir='ltr'><strong>temporibus</strong></span> <span class='ocrx_word' id='word_1_139' title='bbox 541 2488 732 2560; x_wconf 89' lang='lat' dir='ltr'><strong>custodire.</strong></span> <span class='ocrx_word' id='word_1_140' title='bbox 749 2487 848 2560; x_wconf 83' lang='lat' dir='ltr'><strong>Adeo</strong></span> <span class='ocrx_word' id='word_1_141' title='bbox 863 2487 935 2558; x_wconf 89' lang='lat' dir='ltr'><strong>illic</strong></span> <span class='ocrx_word' id='word_1_142' title='bbox 949 2485 1045 2558; x_wconf 91' lang='lat' dir='ltr'><strong>bene</strong></span> <span class='ocrx_word' id='word_1_143' title='bbox 1064 2487 1243 2574; x_wconf 84' lang='lat' dir='ltr'><strong>instituta,</strong></span> <span class='ocrx_word' id='word_1_144' title='bbox 1257 2513 1288 2556; x_wconf 76' lang='lat' dir='ltr'><strong>n</strong></span> 
     </span>
     <span class='ocr_line' id='line_1_21' title="bbox 185 2597 1245 2696; baseline 0.006 -31"><span class='ocrx_word' id='word_1_145' title='bbox 185 2619 263 2666; x_wconf 92' lang='lat' dir='ltr'><strong>non</strong></span> <span class='ocrx_word' id='word_1_146' title='bbox 277 2610 479 2696; x_wconf 80' lang='lat' dir='ltr'><strong>temporum</strong></span> <span class='ocrx_word' id='word_1_147' title='bbox 493 2602 724 2688; x_wconf 81' lang='lat' dir='ltr'><strong>necessitate,</strong></span> <span class='ocrx_word' id='word_1_148' title='bbox 734 2599 798 2673; x_wconf 83' lang='lat' dir='ltr'><strong>sed</strong></span> <span class='ocrx_word' id='word_1_149' title='bbox 811 2613 909 2671; x_wconf 90' lang='lat' dir='ltr'><strong>recte</strong></span> <span class='ocrx_word' id='word_1_150' title='bbox 922 2597 1079 2670; x_wconf 77' lang='lat' dir='ltr'><strong>faciendi</strong></span> <span class='ocrx_word' id='word_1_151' title='bbox 1094 2619 1245 2671; x_wconf 88' lang='lat' dir='ltr'><strong>consue·</strong></span> 
     </span>
     <span class='ocr_line' id='line_1_22' title="bbox 184 2706 532 2783; baseline 0.017 -6"><span class='ocrx_word' id='word_1_152' title='bbox 184 2706 313 2778; x_wconf 88' lang='lat' dir='ltr'><strong>tudine</strong></span> <span class='ocrx_word' id='word_1_153' title='bbox 331 2707 532 2783; x_wconf 83' lang='lat' dir='ltr'><strong>servantm!</strong></span> 
     </span>
    </p>

    <p class='ocr_par' dir='ltr' id='par_1_3' title="bbox 233 2817 1269 2922">
     <span class='ocr_line' id='line_1_23' title="bbox 233 2817 1269 2922; baseline 0.002 -32"><span class='ocrx_word' id='word_1_154' title='bbox 233 2821 378 2890; x_wconf 66' lang='lat' dir='ltr'><strong>teos</strong></span> <span class='ocrx_word' id='word_1_155' title='bbox 401 2820 480 2894; x_wconf 71' lang='lat' dir='ltr'><strong>brec</strong></span> <span class='ocrx_word' id='word_1_156' title='bbox 505 2847 637 2922; x_wconf 83' lang='lat' dir='ltr'><strong>magna</strong></span> <span class='ocrx_word' id='word_1_157' title='bbox 665 2821 734 2895; x_wconf 91' lang='lat' dir='ltr'><strong>illis</strong></span> <span class='ocrx_word' id='word_1_158' title='bbox 762 2845 847 2895; x_wconf 88' lang='lat' dir='ltr'><strong>cum</strong></span> <span class='ocrx_word' id='word_1_159' title='bbox 876 2817 1087 2919; x_wconf 81' lang='lat' dir='ltr'><strong>Liguribus,</strong></span> <span class='ocrx_word' id='word_1_160' title='bbox 1113 2841 1269 2918; x_wconf 68' lang='lat' dir='ltr'><strong>magnai</strong></span> 
     </span>
    </p>
   </div>
   <div class='ocr_carea' id='block_1_3' title="bbox 183 3057 1310 4236">
    <p class='ocr_par' dir='ltr' id='par_1_4' title="bbox 183 3057 1310 4236">
     <span class='ocr_line' id='line_1_24' title="bbox 188 3057 1243 3134; baseline 0.006 -27"><span class='ocrx_word' id='word_1_161' title='bbox 188 3058 284 3108; x_wconf 72' lang='lat' dir='ltr'><strong>tuit-</strong></span> <span class='ocrx_word' id='word_1_162' title='bbox 293 3059 380 3126; x_wconf 63' lang='lat' dir='ltr'><strong>&amp;peis</strong></span> <span class='ocrx_word' id='word_1_163' title='bbox 391 3057 425 3110; x_wconf 88' lang='lat' dir='ltr'><strong>ln</strong></span> <span class='ocrx_word' id='word_1_164' title='bbox 436 3057 536 3130; x_wconf 76' lang='lat' dir='ltr'><strong>sirpeis.</strong></span> <span class='ocrx_word' id='word_1_165' title='bbox 546 3059 595 3112; x_wconf 73' lang='lat' dir='ltr'><strong>nst</strong></span> <span class='ocrx_word' id='word_1_166' title='bbox 604 3071 692 3113; x_wconf 81' lang='lat' dir='ltr'><strong>autem</strong></span> <span class='ocrx_word' id='word_1_167' title='bbox 732 3079 793 3115; x_wconf 88' lang='lat' dir='ltr'><strong>oum</strong></span> <span class='ocrx_word' id='word_1_168' title='bbox 809 3059 870 3115; x_wconf 84' lang='lat' dir='ltr'><strong>edd.</strong></span> <span class='ocrx_word' id='word_1_169' title='bbox 885 3061 900 3116; x_wconf 83' lang='lat'>⁵</span> <span class='ocrx_word' id='word_1_170' title='bbox 915 3073 968 3114; x_wconf 82' lang='lat' dir='ltr'><strong>ant.</strong></span> <span class='ocrx_word' id='word_1_171' title='bbox 979 3061 1096 3127; x_wconf 64' lang='lat' dir='ltr'><strong>sirmam.</strong></span> <span class='ocrx_word' id='word_1_172' title='bbox 1106 3089 1140 3102; x_wconf 89' lang='lat'><em>-</em></span> <span class='ocrx_word' id='word_1_173' title='bbox 1151 3064 1243 3134; x_wconf 73' lang='lat' dir='ltr'><strong>Aperit.</strong></span> 
     </span>
     <span class='ocr_line' id='line_1_25' title="bbox 190 3134 1240 3214; baseline 0.005 -27"><span class='ocrx_word' id='word_1_174' title='bbox 190 3134 691 3207; x_wconf 70' lang='lat' dir='ltr'><strong>explicantevaeronedeltettut.1t⁷,</strong></span> <span class='ocrx_word' id='word_1_175' title='bbox 733 3139 802 3192; x_wconf 84' lang='lat' dir='ltr'><strong>Dedi</strong></span> <span class='ocrx_word' id='word_1_176' title='bbox 827 3151 952 3211; x_wconf 79' lang='lat' dir='ltr'><strong>sequente</strong></span> <span class='ocrx_word' id='word_1_177' title='bbox 971 3138 1045 3208; x_wconf 81' lang='lat' dir='ltr'><strong>jubet</strong></span> <span class='ocrx_word' id='word_1_178' title='bbox 1063 3157 1113 3210; x_wconf 84' lang='lat' dir='ltr'><strong>pro</strong></span> <span class='ocrx_word' id='word_1_179' title='bbox 1134 3143 1240 3214; x_wconf 71' lang='lat' dir='ltr'><strong>queruit,</strong></span> 
     </span>
     <span class='ocr_line' id='line_1_26' title="bbox 191 3212 1091 3290; baseline 0.002 -24"><span class='ocrx_word' id='word_1_180' title='bbox 191 3212 235 3277; x_wconf 79' lang='lat'><strong>31,</strong></span> <span class='ocrx_word' id='word_1_181' title='bbox 250 3213 335 3283; x_wconf 83' lang='lat' dir='ltr'><strong>sirpea</strong></span> <span class='ocrx_word' id='word_1_182' title='bbox 346 3214 438 3275; x_wconf 80' lang='lat' dir='ltr'><strong>cobis,</strong></span> <span class='ocrx_word' id='word_1_183' title='bbox 450 3233 508 3286; x_wconf 76' lang='lat' dir='ltr'><strong>qun</strong></span> <span class='ocrx_word' id='word_1_184' title='bbox 517 3215 599 3287; x_wconf 82' lang='lat' dir='ltr'><strong>virgis</strong></span> <span class='ocrx_word' id='word_1_185' title='bbox 609 3215 692 3287; x_wconf 73' lang='lat' dir='ltr'><strong>sirpe·</strong></span> <span class='ocrx_word' id='word_1_186' title='bbox 732 3217 806 3290; x_wconf 83' lang='lat' dir='ltr'><strong>quod</strong></span> <span class='ocrx_word' id='word_1_187' title='bbox 818 3218 916 3271; x_wconf 85' lang='lat' dir='ltr'><strong>babent</strong></span> <span class='ocrx_word' id='word_1_188' title='bbox 929 3213 990 3270; x_wconf 88' lang='lat' dir='ltr'><strong>edd.</strong></span> <span class='ocrx_word' id='word_1_189' title='bbox 1006 3224 1022 3278; x_wconf 73' lang='grc'><em>4</em></span> <span class='ocrx_word' id='word_1_190' title='bbox 1036 3229 1091 3270; x_wconf 80' lang='lat' dir='ltr'><strong>snt.</strong></span> 
     </span>
     <span class='ocr_line' id='line_1_27' title="bbox 189 3291 1244 3366; baseline 0.002 -20"><span class='ocrx_word' id='word_1_191' title='bbox 189 3303 247 3356; x_wconf 82' lang='lat' dir='ltr'><strong>tur,</strong></span> <span class='ocrx_word' id='word_1_192' title='bbox 261 3291 288 3342; x_wconf 94' lang='lat' dir='ltr'><strong>id</strong></span> <span class='ocrx_word' id='word_1_193' title='bbox 305 3304 358 3349; x_wconf 81' lang='lat' dir='ltr'><strong>est.</strong></span> <span class='ocrx_word' id='word_1_194' title='bbox 369 3291 515 3364; x_wconf 76' lang='lat' dir='ltr'><strong>colligando</strong></span> <span class='ocrx_word' id='word_1_195' title='bbox 529 3295 693 3366; x_wconf 81' lang='lat' dir='ltr'><strong>implicatur,</strong></span> <span class='ocrx_word' id='word_1_196' title='bbox 770 3314 811 3348; x_wconf 85' lang='grc' dir='ltr'><strong>ιι.</strong></span> <span class='ocrx_word' id='word_1_197' title='bbox 827 3299 901 3350; x_wconf 75' lang='lat' dir='ltr'><strong>Curae</strong></span> <span class='ocrx_word' id='word_1_198' title='bbox 913 3294 1008 3346; x_wconf 68' lang='lat' dir='ltr'><strong>laudm.</strong></span> <span class='ocrx_word' id='word_1_199' title='bbox 1020 3295 1111 3358; x_wconf 89' lang='lat' dir='ltr'><strong>Quum</strong></span> <span class='ocrx_word' id='word_1_200' title='bbox 1127 3293 1244 3348; x_wconf 80' lang='lat' dir='ltr'><strong>absolute</strong></span> 
     </span>
     <span class='ocr_line' id='line_1_28' title="bbox 188 3371 1245 3446; baseline 0 -22"><span class='ocrx_word' id='word_1_201' title='bbox 188 3371 219 3424; x_wconf 85' lang='lat' dir='ltr'><strong>in</strong></span> <span class='ocrx_word' id='word_1_202' title='bbox 232 3389 286 3444; x_wconf 81' lang='lat' dir='ltr'><strong>qua</strong></span> <span class='ocrx_word' id='word_1_203' title='bbox 299 3383 392 3424; x_wconf 78' lang='lat' dir='ltr'><strong>stercus</strong></span> <span class='ocrx_word' id='word_1_204' title='bbox 404 3371 509 3425; x_wconf 81' lang='lat' dir='ltr'><strong>aliudve</strong></span> <span class='ocrx_word' id='word_1_205' title='bbox 522 3371 588 3444; x_wconf 80' lang='lat' dir='ltr'><strong>quid</strong></span> <span class='ocrx_word' id='word_1_206' title='bbox 602 3373 693 3426; x_wconf 84' lang='lat' dir='ltr'><strong>evehi·</strong></span> <span class='ocrx_word' id='word_1_207' title='bbox 733 3375 849 3446; x_wconf 80' lang='lat' dir='ltr'><strong>posituro</strong></span> <span class='ocrx_word' id='word_1_208' title='bbox 867 3373 936 3427; x_wconf 87' lang='lat' dir='ltr'><strong>nibil</strong></span> <span class='ocrx_word' id='word_1_209' title='bbox 952 3373 1002 3437; x_wconf 82' lang='lat' dir='ltr'><strong>sit,</strong></span> <span class='ocrx_word' id='word_1_210' title='bbox 1020 3373 1172 3426; x_wconf 77' lang='lat' dir='ltr'><strong>Sebellerus</strong></span> <span class='ocrx_word' id='word_1_211' title='bbox 1189 3389 1245 3424; x_wconf 82' lang='lat' dir='ltr'><strong>non</strong></span> 
     </span>
     <span class='ocr_line' id='line_1_29' title="bbox 190 3450 1244 3526; baseline -0.005 -20"><span class='ocrx_word' id='word_1_212' title='bbox 190 3466 243 3506; x_wconf 84' lang='lat' dir='ltr'><strong>tut.</strong></span> <span class='ocrx_word' id='word_1_213' title='bbox 254 3484 284 3492; x_wconf 88' lang='lat'>-</span> <span class='ocrx_word' id='word_1_214' title='bbox 295 3459 443 3523; x_wconf 71' lang='lat' dir='ltr'><strong>Sttpneetoe.</strong></span> <span class='ocrx_word' id='word_1_215' title='bbox 454 3453 513 3505; x_wconf 87' lang='lat' dir='ltr'><strong>Nic.</strong></span> <span class='ocrx_word' id='word_1_216' title='bbox 526 3451 649 3506; x_wconf 83' lang='lat' dir='ltr'><strong>Heinsius</strong></span> <span class='ocrx_word' id='word_1_217' title='bbox 660 3451 694 3504; x_wconf 85' lang='lat' dir='ltr'><strong>ad</strong></span> <span class='ocrx_word' id='word_1_218' title='bbox 733 3454 823 3526; x_wconf 89' lang='lat' dir='ltr'><strong>inepte</strong></span> <span class='ocrx_word' id='word_1_219' title='bbox 839 3452 948 3520; x_wconf 83' lang='lat' dir='ltr'><strong>corrigit</strong></span> <span class='ocrx_word' id='word_1_220' title='bbox 966 3471 1029 3502; x_wconf 78' lang='lat' dir='ltr'><strong>eum</strong></span> <span class='ocrx_word' id='word_1_221' title='bbox 1046 3450 1148 3514; x_wconf 73' lang='lat' dir='ltr'><strong>luthere,</strong></span> <span class='ocrx_word' id='word_1_222' title='bbox 1162 3469 1176 3501; x_wconf 87' lang='grc' dir='ltr'>ι</span> <span class='ocrx_word' id='word_1_223' title='bbox 1190 3467 1244 3522; x_wconf 90' lang='lat' dir='ltr'><strong>quo</strong></span> 
     </span>
     <span class='ocr_line' id='line_1_30' title="bbox 190 3526 1244 3602; baseline -0.005 -17"><span class='ocrx_word' id='word_1_224' title='bbox 190 3529 486 3596; x_wconf 78' lang='lat' dir='ltr'><strong>Ovid.FauV1,6to</strong></span> <span class='ocrx_word' id='word_1_225' title='bbox 500 3531 693 3602; x_wconf 70' lang='lat' dir='ltr'><strong>mavultsrpeu·</strong></span> <span class='ocrx_word' id='word_1_226' title='bbox 733 3531 819 3584; x_wconf 72' lang='lat' dir='ltr'><strong>cateri</strong></span> <span class='ocrx_word' id='word_1_227' title='bbox 844 3529 966 3582; x_wconf 80' lang='lat' dir='ltr'><strong>infinitivi</strong></span> <span class='ocrx_word' id='word_1_228' title='bbox 993 3526 1167 3598; x_wconf 83' lang='lat' dir='ltr'><strong>dependeant.</strong></span> <span class='ocrx_word' id='word_1_229' title='bbox 1192 3527 1244 3580; x_wconf 85' lang='lat' dir='ltr'><strong>Pro</strong></span> 
     </span>
     <span class='ocr_line' id='line_1_31' title="bbox 183 3605 1243 3684; baseline -0.008 -20"><span class='ocrx_word' id='word_1_230' title='bbox 183 3614 270 3684; x_wconf 73' lang='lat' dir='ltr'><strong>jeetis,</strong></span> <span class='ocrx_word' id='word_1_231' title='bbox 284 3612 355 3664; x_wconf 73' lang='lat' dir='ltr'><strong>hen«.</strong></span> <span class='ocrx_word' id='word_1_232' title='bbox 731 3609 832 3679; x_wconf 66' lang='lat' dir='ltr'><strong>vigum</strong></span> <span class='ocrx_word' id='word_1_233' title='bbox 851 3607 934 3662; x_wconf 78' lang='lat' dir='ltr'><strong>Faber</strong></span> <span class='ocrx_word' id='word_1_234' title='bbox 953 3606 1052 3660; x_wconf 80' lang='lat' dir='ltr'><strong>mavult</strong></span> <span class='ocrx_word' id='word_1_235' title='bbox 1071 3605 1193 3657; x_wconf 60' lang='lat' dir='ltr'><strong>excudens.</strong></span> <span class='ocrx_word' id='word_1_236' title='bbox 1208 3635 1243 3646; x_wconf 89' lang='lat'>-</span> 
     </span>
     <span class='ocr_line' id='line_1_32' title="bbox 225 3683 1310 3761; baseline -0.007 -18"><span class='ocrx_word' id='word_1_237' title='bbox 225 3709 252 3760; x_wconf 89' lang='lat'><strong>7.</strong></span> <span class='ocrx_word' id='word_1_238' title='bbox 264 3697 289 3741; x_wconf 84' lang='lat' dir='ltr'><em>A</em></span> <span class='ocrx_word' id='word_1_239' title='bbox 295 3689 419 3761; x_wconf 68' lang='lat' dir='ltr'><strong>prodictu.</strong></span> <span class='ocrx_word' id='word_1_240' title='bbox 430 3690 506 3742; x_wconf 84' lang='lat' dir='ltr'><strong>Unus</strong></span> <span class='ocrx_word' id='word_1_241' title='bbox 520 3687 580 3742; x_wconf 86' lang='lat' dir='ltr'><strong>cod.</strong></span> <span class='ocrx_word' id='word_1_242' title='bbox 597 3708 613 3738; x_wconf 88' lang='lat' dir='ltr'><strong><em>a</em></strong></span> <span class='ocrx_word' id='word_1_243' title='bbox 624 3707 692 3759; x_wconf 70' lang='grc' dir='ltr'><strong>μω-</strong></span> <span class='ocrx_word' id='word_1_244' title='bbox 732 3689 875 3758; x_wconf 77' lang='lat' dir='ltr'><strong>Peregrinos</strong></span> <span class='ocrx_word' id='word_1_245' title='bbox 894 3703 1070 3756; x_wconf 80' lang='lat' dir='ltr'><strong>recognoscere.</strong></span> <span class='ocrx_word' id='word_1_246' title='bbox 1090 3683 1150 3735; x_wconf 74' lang='lat' dir='ltr'><strong>vel.</strong></span> <span class='ocrx_word' id='word_1_247' title='bbox 1171 3685 1242 3736; x_wconf 75' lang='lat' dir='ltr'><strong>Mu.</strong></span> <span class='ocrx_word' id='word_1_248' title='bbox 1305 3697 1310 3711; x_wconf 88' lang='grc'><em>·</em></span> 
     </span>
     <span class='ocr_line' id='line_1_33' title="bbox 190 3759 1243 3833; baseline -0.009 -12"><span class='ocrx_word' id='word_1_249' title='bbox 190 3773 277 3832; x_wconf 54' lang='lat' dir='ltr'><strong>mehir,</strong></span> <span class='ocrx_word' id='word_1_250' title='bbox 291 3769 344 3822; x_wconf 87' lang='lat' dir='ltr'><strong>coll</strong></span> <span class='ocrx_word' id='word_1_251' title='bbox 357 3767 415 3831; x_wconf 69' lang='lat' dir='ltr'><strong>tt,</strong></span> <span class='ocrx_word' id='word_1_252' title='bbox 431 3787 474 3830; x_wconf 84' lang='lat' dir='ltr'><strong>rr,</strong></span> <span class='ocrx_word' id='word_1_253' title='bbox 487 3771 520 3832; x_wconf 65' lang='grc' dir='ltr'><strong>ὃς</strong></span> <span class='ocrx_word' id='word_1_254' title='bbox 535 3767 691 3822; x_wconf 71' lang='grc' dir='ltr'><strong>6εάᾶ.ιιιῑ.</strong></span> <span class='ocrx_word' id='word_1_255' title='bbox 733 3759 1030 3832; x_wconf 78' lang='lat' dir='ltr'><strong>ll,6,ext.9:1itrure</strong></span> <span class='ocrx_word' id='word_1_256' title='bbox 1041 3761 1151 3833; x_wconf 80' lang='lat' dir='ltr'><strong>oppidem</strong></span> <span class='ocrx_word' id='word_1_257' title='bbox 1163 3781 1243 3813; x_wconf 83' lang='lat' dir='ltr'><strong>eorum</strong></span> 
     </span>
     <span class='ocr_line' id='line_1_34' title="bbox 191 3843 1244 3914; baseline -0.009 -14"><span class='ocrx_word' id='word_1_258' title='bbox 191 3849 370 3900; x_wconf 69' lang='lat' dir='ltr'><strong>summittunt«.</strong></span> <span class='ocrx_word' id='word_1_259' title='bbox 381 3847 450 3900; x_wconf 83' lang='lat' dir='ltr'><strong>Hinc</strong></span> <span class='ocrx_word' id='word_1_260' title='bbox 461 3849 546 3901; x_wconf 72' lang='lat' dir='ltr'><strong>Groa.</strong></span> <span class='ocrx_word' id='word_1_261' title='bbox 557 3865 621 3903; x_wconf 69' lang='lat' dir='ltr'><strong>aru</strong></span> <span class='ocrx_word' id='word_1_262' title='bbox 630 3865 692 3901; x_wconf 78' lang='lat' dir='ltr'><strong>eot-</strong></span> <span class='ocrx_word' id='word_1_263' title='bbox 731 3845 794 3898; x_wconf 74' lang='lat' dir='ltr'><strong>nulli</strong></span> <span class='ocrx_word' id='word_1_264' title='bbox 805 3861 857 3896; x_wconf 78' lang='lat' dir='ltr'><strong>ewa</strong></span> <span class='ocrx_word' id='word_1_265' title='bbox 871 3843 918 3894; x_wconf 80' lang='lat' dir='ltr'><strong>telo</strong></span> <span class='ocrx_word' id='word_1_266' title='bbox 930 3843 1002 3906; x_wconf 59' lang='lat' dir='ltr'><strong>licen</strong></span> <span class='ocrx_word' id='word_1_267' title='bbox 1007 3849 1144 3914; x_wconf 69' lang='lat' dir='ltr'><strong>praestoque</strong></span> <span class='ocrx_word' id='word_1_268' title='bbox 1156 3843 1244 3913; x_wconf 75' lang='lat' dir='ltr'><strong>estqui</strong></span> 
     </span>
     <span class='ocr_line' id='line_1_35' title="bbox 190 3921 1243 3998; baseline -0.009 -19"><span class='ocrx_word' id='word_1_269' title='bbox 190 3926 383 3998; x_wconf 74' lang='lat' dir='ltr'><strong>rigitproediea,</strong></span> <span class='ocrx_word' id='word_1_270' title='bbox 399 3928 474 3979; x_wconf 84' lang='lat' dir='ltr'><strong>bene.</strong></span> <span class='ocrx_word' id='word_1_271' title='bbox 732 3923 761 3976; x_wconf 77' lang='lat' dir='ltr'><strong>id</strong></span> <span class='ocrx_word' id='word_1_272' title='bbox 778 3921 892 3976; x_wconf 74' lang='lat' dir='ltr'><strong>custodia</strong></span> <span class='ocrx_word' id='word_1_273' title='bbox 908 3923 991 3992; x_wconf 66' lang='lat' dir='ltr'><strong>gratia</strong></span> <span class='ocrx_word' id='word_1_274' title='bbox 1009 3931 1129 3990; x_wconf 75' lang='lat' dir='ltr'><strong>acceptum</strong></span> <span class='ocrx_word' id='word_1_275' title='bbox 1149 3923 1243 3972; x_wconf 63' lang='lat' dir='ltr'><strong>eutium</strong></span> 
     </span>
     <span class='ocr_line' id='line_1_36' title="bbox 227 3997 1242 4072; baseline -0.009 -14"><span class='ocrx_word' id='word_1_276' title='bbox 227 4007 254 4058; x_wconf 75' lang='lat'><strong>8.</strong></span> <span class='ocrx_word' id='word_1_277' title='bbox 266 4005 407 4057; x_wconf 59' lang='lat' dir='ltr'><strong>statuere.</strong></span> <span class='ocrx_word' id='word_1_278' title='bbox 421 4007 473 4058; x_wconf 80' lang='lat' dir='ltr'><strong>ttit</strong></span> <span class='ocrx_word' id='word_1_279' title='bbox 489 4004 645 4069; x_wconf 77' lang='lat' dir='ltr'><strong>udnlterari,</strong></span> <span class='ocrx_word' id='word_1_280' title='bbox 663 4016 693 4057; x_wconf 88' lang='lat' dir='ltr'><strong>ut</strong></span> <span class='ocrx_word' id='word_1_281' title='bbox 731 4001 840 4054; x_wconf 65' lang='lat' dir='ltr'><strong>addat:</strong></span> <span class='ocrx_word' id='word_1_282' title='bbox 855 4011 883 4053; x_wconf 83' lang='lat' dir='ltr'><strong>ut</strong></span> <span class='ocrx_word' id='word_1_283' title='bbox 897 4001 999 4071; x_wconf 62' lang='grc' dir='ltr'><strong><em>Ιιοῳίτία</em></strong></span> <span class='ocrx_word' id='word_1_284' title='bbox 1015 4017 1072 4063; x_wconf 80' lang='lat' dir='ltr'><strong>sua,</strong></span> <span class='ocrx_word' id='word_1_285' title='bbox 1087 3997 1242 4072; x_wconf 73' lang='lat' dir='ltr'><strong>quamadm-</strong></span> 
     </span>
     <span class='ocr_line' id='line_1_37' title="bbox 191 4079 1243 4154; baseline -0.003 -19"><span class='ocrx_word' id='word_1_286' title='bbox 191 4083 263 4154; x_wconf 82' lang='lat' dir='ltr'><strong>epud</strong></span> <span class='ocrx_word' id='word_1_287' title='bbox 275 4083 420 4138; x_wconf 85' lang='lat' dir='ltr'><strong>Ciceonem</strong></span> <span class='ocrx_word' id='word_1_288' title='bbox 435 4084 470 4138; x_wconf 85' lang='lat' dir='ltr'><strong>de</strong></span> <span class='ocrx_word' id='word_1_289' title='bbox 483 4086 607 4138; x_wconf 84' lang='lat' dir='ltr'><strong>Officiis:</strong></span> <span class='ocrx_word' id='word_1_290' title='bbox 620 4083 692 4135; x_wconf 77' lang='lat' dir='ltr'><strong>adul·</strong></span> <span class='ocrx_word' id='word_1_291' title='bbox 732 4083 789 4136; x_wconf 68' lang='lat' dir='ltr'><strong>dm</strong></span> <span class='ocrx_word' id='word_1_292' title='bbox 807 4079 983 4134; x_wconf 75' lang='lat' dir='ltr'><strong>adomienti&#39;lus</strong></span> <span class='ocrx_word' id='word_1_293' title='bbox 1001 4079 1106 4132; x_wconf 75' lang='lat' dir='ltr'><strong>imm</strong></span> <span class='ocrx_word' id='word_1_294' title='bbox 1122 4089 1193 4145; x_wconf 74' lang='lat' dir='ltr'><strong>erent,</strong></span> <span class='ocrx_word' id='word_1_295' title='bbox 1208 4081 1243 4132; x_wconf 80' lang='lat' dir='ltr'><strong>ita</strong></span> 
     </span>
     <span class='ocr_line' id='line_1_38' title="bbox 194 4161 1086 4236; baseline -0.001 -21"><span class='ocrx_word' id='word_1_296' title='bbox 194 4165 268 4215; x_wconf 72' lang='lat' dir='ltr'><strong>semri</strong></span> <span class='ocrx_word' id='word_1_297' title='bbox 274 4168 384 4236; x_wconf 57' lang='grc' dir='ltr'><strong>αὐγαί.</strong></span> <span class='ocrx_word' id='word_1_298' title='bbox 395 4181 441 4218; x_wconf 71' lang='lat' dir='ltr'><strong>nn.</strong></span> <span class='ocrx_word' id='word_1_299' title='bbox 449 4171 593 4219; x_wconf 60' lang='lat' dir='ltr'><strong>doma.</strong></span> <span class='ocrx_word' id='word_1_300' title='bbox 601 4165 692 4220; x_wconf 62' lang='lat' dir='ltr'><strong>But.</strong></span> <span class='ocrx_word' id='word_1_301' title='bbox 732 4165 789 4236; x_wconf 66' lang='lat' dir='ltr'><strong>{osis</strong></span> <span class='ocrx_word' id='word_1_302' title='bbox 800 4179 893 4236; x_wconf 81' lang='lat' dir='ltr'><strong>queque</strong></span> <span class='ocrx_word' id='word_1_303' title='bbox 905 4171 958 4214; x_wconf 74' lang='lat' dir='ltr'><strong>treta</strong></span> <span class='ocrx_word' id='word_1_304' title='bbox 968 4161 1025 4215; x_wconf 75' lang='lat' dir='ltr'><strong>sirit.</strong></span> <span class='ocrx_word' id='word_1_305' title='bbox 1039 4176 1086 4214; x_wconf 76' lang='lat' dir='ltr'><strong>n.</strong></span> 
     </span>
    </p>
   </div>
   <div class='ocr_carea' id='block_1_4' title="bbox 0 0 1492 4684">
    <p class='ocr_par' dir='ltr' id='par_1_5' title="bbox 0 0 1492 4684">
     <span class='ocr_line' id='line_1_39' title="bbox 0 0 1492 4684; baseline 0 0"><span class='ocrx_word' id='word_1_306' title='bbox 0 0 1492 4684; x_wconf 95' lang='lat' dir='ltr'><strong> </strong></span> 
     </span>
    </p>
   </div>
  </div>
 </body>
</html>
