<?xml version="1.0" encoding="UTF-8"?>
<!DOCTYPE html PUBLIC "-//W3C//DTD XHTML 1.0 Transitional//EN"
    "http://www.w3.org/TR/xhtml1/DTD/xhtml1-transitional.dtd">
<html xmlns="http://www.w3.org/1999/xhtml" xml:lang="en" lang="en">
 <head>
  <title>
</title>
<meta http-equiv="Content-Type" content="text/html;charset=utf-8" />
  <meta name='ocr-system' content='tesseract 3.04.00' />
  <meta name='ocr-capabilities' content='ocr_page ocr_carea ocr_par ocr_line ocrx_word'/>
</head>
<body>
  <div class='ocr_page' id='page_1' title='image "./justinihistoria00lemagoog_0125.png"; bbox 0 0 2967 4684; ppageno 0'>
   <div class='ocr_carea' id='block_1_1' title="bbox 227 318 863 461">
    <p class='ocr_par' dir='ltr' id='par_1_1' title="bbox 227 318 863 461">
     <span class='ocr_line' id='line_1_1' title="bbox 227 318 863 461; baseline 0.002 -77"><span class='ocrx_word' id='word_1_1' title='bbox 227 343 274 461; x_wconf 64' lang='lat' dir='ltr'><strong>pp</strong></span> <span class='ocrx_word' id='word_1_2' title='bbox 652 318 863 389; x_wconf 88' lang='lat' dir='ltr'><strong>JUSTINI</strong></span> 
     </span>
    </p>
   </div>
   <div class='ocr_carea' id='block_1_2' title="bbox 119 427 1291 3976">
    <p class='ocr_par' dir='ltr' id='par_1_2' title="bbox 119 427 1291 3976">
     <span class='ocr_line' id='line_1_2' title="bbox 226 427 1291 566; baseline 0.002 -49"><span class='ocrx_word' id='word_1_3' title='bbox 226 427 342 554; x_wconf 76' lang='lat' dir='ltr'><strong>cium,</strong></span> <span class='ocrx_word' id='word_1_4' title='bbox 341 458 466 566; x_wconf 80' lang='lat' dir='ltr'><strong>quem</strong></span> <span class='ocrx_word' id='word_1_5' title='bbox 478 442 581 536; x_wconf 83' lang='lat' dir='ltr'><strong>juxta</strong></span> <span class='ocrx_word' id='word_1_6' title='bbox 595 456 821 513; x_wconf 90' lang='lat' dir='ltr'><strong>nocturnum</strong></span> <span class='ocrx_word' id='word_1_7' title='bbox 835 442 950 513; x_wconf 86' lang='lat' dir='ltr'><strong>visum</strong></span> <span class='ocrx_word' id='word_1_8' title='bbox 966 442 1144 540; x_wconf 82' lang='lat' dir='ltr'><strong>ergastulo</strong></span> <span class='ocrx_word' id='word_1_9' title='bbox 1159 440 1291 519; x_wconf 88' lang='lat' dir='ltr'><strong>libera</strong></span> 
     </span>
     <span class='ocr_line' id='line_1_3' title="bbox 224 548 1291 675; baseline 0.004 -47"><span class='ocrx_word' id='word_1_10' title='bbox 224 573 340 675; x_wconf 82' lang='lat' dir='ltr'><strong>verat,</strong></span> <span class='ocrx_word' id='word_1_11' title='bbox 352 553 594 648; x_wconf 82' lang='lat' dir='ltr'><strong>comitemque</strong></span> <span class='ocrx_word' id='word_1_12' title='bbox 607 552 647 622; x_wconf 94' lang='lat' dir='ltr'><strong>in</strong></span> <span class='ocrx_word' id='word_1_13' title='bbox 660 549 834 621; x_wconf 89' lang='lat' dir='ltr'><strong>omnibus</strong></span> <span class='ocrx_word' id='word_1_14' title='bbox 847 548 958 623; x_wconf 89' lang='lat' dir='ltr'><strong>rebus</strong></span> <span class='ocrx_word' id='word_1_15' title='bbox 972 550 1165 643; x_wconf 75' lang='lat' dir='ltr'><strong>habuerat,</strong></span> <span class='ocrx_word' id='word_1_16' title='bbox 1174 558 1291 632; x_wconf 85' lang='lat' dir='ltr'><strong>Persis</strong></span> 
     </span>
     <span class='ocr_line' id='line_1_4' title="bbox 222 664 1290 769; baseline 0.005 -33"><span class='ocrx_word' id='word_1_17' title='bbox 222 695 296 769; x_wconf 79' lang='lat' dir='ltr'><strong>prae</strong></span> <span class='ocrx_word' id='word_1_18' title='bbox 365 667 434 751; x_wconf 85' lang='lat' dir='ltr'><strong>uit,</strong></span> <span class='ocrx_word' id='word_1_19' title='bbox 444 686 680 760; x_wconf 84' lang='lat' dir='ltr'><strong>sororemque</strong></span> <span class='ocrx_word' id='word_1_20' title='bbox 692 686 796 735; x_wconf 85' lang='lat' dir='ltr'><strong>suam</strong></span> <span class='ocrx_word' id='word_1_21' title='bbox 807 684 840 733; x_wconf 83' lang='lat' dir='ltr'><strong>er</strong></span> <span class='ocrx_word' id='word_1_22' title='bbox 849 687 889 733; x_wconf 88' lang='grc' dir='ltr'><strong>ιιι</strong></span> <span class='ocrx_word' id='word_1_23' title='bbox 899 664 1169 737; x_wconf 78' lang='lat' dir='ltr'><strong>matrimonium</strong></span> <span class='ocrx_word' id='word_1_24' title='bbox 1179 665 1290 743; x_wconf 80' lang='lat' dir='ltr'><strong>dedit.</strong></span> 
     </span>
     <span class='ocr_line' id='line_1_5' title="bbox 177 771 1289 872; baseline 0.002 -21.035"><span class='ocrx_word' id='word_1_25' title='bbox 177 779 342 851; x_wconf 75' lang='lat' dir='ltr'><strong>&#39;ci2sed</strong></span> <span class='ocrx_word' id='word_1_26' title='bbox 378 787 467 846; x_wconf 88' lang='lat' dir='ltr'><strong>tates</strong></span> <span class='ocrx_word' id='word_1_27' title='bbox 475 798 582 872; x_wconf 84' lang='lat' dir='ltr'><strong>,quae</strong></span> <span class='ocrx_word' id='word_1_28' title='bbox 601 771 796 844; x_wconf 82' lang='lat' dir='ltr'><strong>Medorum</strong></span> <span class='ocrx_word' id='word_1_29' title='bbox 814 771 1012 853; x_wconf 76' lang='lat' dir='ltr'><strong>tributaria</strong></span> <span class='ocrx_word' id='word_1_30' title='bbox 1033 772 1195 867; x_wconf 79' lang='lat' dir='ltr'><strong>fuerant,</strong></span> <span class='ocrx_word' id='word_1_31' title='bbox 1209 804 1289 853; x_wconf 90' lang='lat' dir='ltr'><strong>mu·</strong></span> 
     </span>
     <span class='ocr_line' id='line_1_6' title="bbox 221 884 1290 989; baseline 0.001 -27"><span class='ocrx_word' id='word_1_32' title='bbox 221 906 299 962; x_wconf 90' lang='lat' dir='ltr'><strong>tato</strong></span> <span class='ocrx_word' id='word_1_33' title='bbox 315 888 485 989; x_wconf 85' lang='lat' dir='ltr'><strong>imperio,</strong></span> <span class='ocrx_word' id='word_1_34' title='bbox 498 888 606 957; x_wconf 86' lang='lat' dir='ltr'><strong>etiam</strong></span> <span class='ocrx_word' id='word_1_35' title='bbox 624 884 877 957; x_wconf 82' lang='lat' dir='ltr'><strong>conditionem</strong></span> <span class='ocrx_word' id='word_1_36' title='bbox 892 909 993 957; x_wconf 89' lang='lat' dir='ltr'><strong>suam</strong></span> <span class='ocrx_word' id='word_1_37' title='bbox 1007 900 1182 959; x_wconf 86' lang='lat' dir='ltr'><strong>mutatam</strong></span> <span class='ocrx_word' id='word_1_38' title='bbox 1196 888 1290 963; x_wconf 88' lang='lat' dir='ltr'><strong>arbi-</strong></span> 
     </span>
     <span class='ocr_line' id='line_1_7' title="bbox 221 994 1289 1095; baseline 0.004 -24"><span class='ocrx_word' id='word_1_39' title='bbox 221 1016 381 1085; x_wconf 87' lang='lat' dir='ltr'><strong>trantes,</strong></span> <span class='ocrx_word' id='word_1_40' title='bbox 394 1024 415 1070; x_wconf 89' lang='lat' dir='ltr'><strong>a</strong></span> <span class='ocrx_word' id='word_1_41' title='bbox 429 1003 527 1095; x_wconf 89' lang='lat' dir='ltr'><strong>Cyro</strong></span> <span class='ocrx_word' id='word_1_42' title='bbox 541 994 756 1070; x_wconf 82' lang='lat' dir='ltr'><strong>defecerunt</strong></span> <span class='ocrx_word' id='word_1_43' title='bbox 770 1025 777 1067; x_wconf 93' lang='lat'>:</span> <span class='ocrx_word' id='word_1_44' title='bbox 793 1022 873 1095; x_wconf 86' lang='lat' dir='ltr'><strong>quae</strong></span> <span class='ocrx_word' id='word_1_45' title='bbox 889 1022 947 1070; x_wconf 86' lang='lat' dir='ltr'><strong>res</strong></span> <span class='ocrx_word' id='word_1_46' title='bbox 960 997 1158 1071; x_wconf 88' lang='lat' dir='ltr'><strong>multorum</strong></span> <span class='ocrx_word' id='word_1_47' title='bbox 1174 999 1289 1075; x_wconf 87' lang='lat' dir='ltr'><strong>bello·</strong></span> 
     </span>
     <span class='ocr_line' id='line_1_8' title="bbox 193 1106 1288 1209; baseline 0.001 -26"><span class='ocrx_word' id='word_1_48' title='bbox 193 1132 304 1183; x_wconf 80' lang='lat' dir='ltr'><strong>srum</strong></span> <span class='ocrx_word' id='word_1_49' title='bbox 320 1116 415 1208; x_wconf 86' lang='lat' dir='ltr'><strong>Cyro</strong></span> <span class='ocrx_word' id='word_1_50' title='bbox 433 1134 559 1183; x_wconf 80' lang='lat' dir='ltr'><strong>caussa</strong></span> <span class='ocrx_word' id='word_1_51' title='bbox 578 1122 616 1180; x_wconf 89' lang='lat' dir='ltr'><strong>et</strong></span> <span class='ocrx_word' id='word_1_52' title='bbox 637 1111 740 1207; x_wconf 82' lang='lat' dir='ltr'><strong>origo</strong></span> <span class='ocrx_word' id='word_1_53' title='bbox 763 1106 843 1180; x_wconf 80' lang='lat' dir='ltr'><strong>tuit.</strong></span> <span class='ocrx_word' id='word_1_54' title='bbox 866 1110 1021 1181; x_wconf 83' lang='lat' dir='ltr'><strong>Domitia</strong></span> <span class='ocrx_word' id='word_1_55' title='bbox 1044 1110 1191 1181; x_wconf 89' lang='lat' dir='ltr'><strong>demum</strong></span> <span class='ocrx_word' id='word_1_56' title='bbox 1211 1111 1288 1209; x_wconf 89' lang='lat' dir='ltr'><strong>ple·</strong></span> 
     </span>
     <span class='ocr_line' id='line_1_9' title="bbox 219 1219 1289 1320; baseline 0.001 -27"><span class='ocrx_word' id='word_1_57' title='bbox 219 1223 364 1319; x_wconf 88' lang='lat' dir='ltr'><strong>risque,</strong></span> <span class='ocrx_word' id='word_1_58' title='bbox 386 1246 499 1320; x_wconf 91' lang='lat' dir='ltr'><strong>quum</strong></span> <span class='ocrx_word' id='word_1_59' title='bbox 525 1220 696 1293; x_wconf 82' lang='lat' dir='ltr'><strong>adversus</strong></span> <span class='ocrx_word' id='word_1_60' title='bbox 720 1219 942 1318; x_wconf 86' lang='lat' dir='ltr'><strong>Babylonios</strong></span> <span class='ocrx_word' id='word_1_61' title='bbox 966 1220 1103 1293; x_wconf 89' lang='lat' dir='ltr'><strong>bellurn</strong></span> <span class='ocrx_word' id='word_1_62' title='bbox 1127 1237 1289 1319; x_wconf 84' lang='lat' dir='ltr'><strong>gereret,</strong></span> 
     </span>
     <span class='ocr_line' id='line_1_10' title="bbox 219 1330 1288 1432; baseline 0.004 -29"><span class='ocrx_word' id='word_1_63' title='bbox 219 1330 427 1429; x_wconf 79' lang='lat' dir='ltr'><strong>Babyloniis</strong></span> <span class='ocrx_word' id='word_1_64' title='bbox 438 1358 504 1404; x_wconf 85' lang='lat' dir='ltr'><strong>rex</strong></span> <span class='ocrx_word' id='word_1_65' title='bbox 517 1332 705 1430; x_wconf 83' lang='lat' dir='ltr'><strong>Lydorum</strong></span> <span class='ocrx_word' id='word_1_66' title='bbox 718 1336 879 1420; x_wconf 86' lang='lat' dir='ltr'><strong>Croesus,</strong></span> <span class='ocrx_word' id='word_1_67' title='bbox 890 1333 994 1429; x_wconf 85' lang='lat' dir='ltr'><strong>cujus</strong></span> <span class='ocrx_word' id='word_1_68' title='bbox 1008 1357 1096 1432; x_wconf 88' lang='lat' dir='ltr'><strong>opes</strong></span> <span class='ocrx_word' id='word_1_69' title='bbox 1108 1348 1145 1405; x_wconf 93' lang='lat' dir='ltr'><strong>et</strong></span> <span class='ocrx_word' id='word_1_70' title='bbox 1158 1332 1288 1407; x_wconf 71' lang='lat' dir='ltr'><strong>divitiae</strong></span> 
     </span>
     <span class='ocr_line' id='line_1_11' title="bbox 218 1443 1287 1546; baseline 0.004 -33"><span class='ocrx_word' id='word_1_71' title='bbox 218 1446 378 1542; x_wconf 85' lang='lat' dir='ltr'><strong>insignes</strong></span> <span class='ocrx_word' id='word_1_72' title='bbox 395 1470 437 1516; x_wconf 88' lang='lat' dir='ltr'><strong>ea</strong></span> <span class='ocrx_word' id='word_1_73' title='bbox 454 1458 668 1546; x_wconf 88' lang='lat' dir='ltr'><strong>tempestate</strong></span> <span class='ocrx_word' id='word_1_74' title='bbox 686 1457 811 1531; x_wconf 87' lang='lat' dir='ltr'><strong>erant,</strong></span> <span class='ocrx_word' id='word_1_75' title='bbox 827 1446 866 1513; x_wconf 90' lang='lat' dir='ltr'><strong>in</strong></span> <span class='ocrx_word' id='word_1_76' title='bbox 886 1443 1060 1519; x_wconf 84' lang='lat' dir='ltr'><strong>auxilium</strong></span> <span class='ocrx_word' id='word_1_77' title='bbox 1077 1445 1198 1533; x_wconf 80' lang='lat' dir='ltr'><strong>venit3</strong></span> <span class='ocrx_word' id='word_1_78' title='bbox 1213 1448 1287 1517; x_wconf 89' lang='lat' dir='ltr'><strong>vic-</strong></span> 
     </span>
     <span class='ocr_line' id='line_1_12' title="bbox 190 1551 1288 1653; baseline 0.003 -27"><span class='ocrx_word' id='word_1_79' title='bbox 190 1570 349 1653; x_wconf 73' lang='lat' dir='ltr'><strong>stusque</strong></span> <span class='ocrx_word' id='word_1_80' title='bbox 372 1558 446 1653; x_wconf 85' lang='lat' dir='ltr'><strong>jam</strong></span> <span class='ocrx_word' id='word_1_81' title='bbox 470 1582 512 1628; x_wconf 87' lang='lat' dir='ltr'><strong>ac</strong></span> <span class='ocrx_word' id='word_1_82' title='bbox 534 1553 734 1643; x_wconf 87' lang='lat' dir='ltr'><strong>desolatus,</strong></span> <span class='ocrx_word' id='word_1_83' title='bbox 758 1556 798 1625; x_wconf 90' lang='lat' dir='ltr'><strong>in</strong></span> <span class='ocrx_word' id='word_1_84' title='bbox 822 1578 977 1651; x_wconf 83' lang='lat' dir='ltr'><strong>regnum</strong></span> <span class='ocrx_word' id='word_1_85' title='bbox 1003 1551 1145 1653; x_wconf 62' lang='lat' dir='ltr'><strong>refugit</strong></span> <span class='ocrx_word' id='word_1_86' title='bbox 1170 1557 1288 1652; x_wconf 86' lang='lat' dir='ltr'><strong>Cyrus</strong></span> 
     </span>
     <span class='ocr_line' id='line_1_13' title="bbox 218 1664 1288 1768; baseline 0 -31"><span class='ocrx_word' id='word_1_87' title='bbox 218 1692 367 1765; x_wconf 89' lang='lat' dir='ltr'><strong>quoqne</strong></span> <span class='ocrx_word' id='word_1_88' title='bbox 377 1685 461 1768; x_wconf 90' lang='lat' dir='ltr'><strong>post</strong></span> <span class='ocrx_word' id='word_1_89' title='bbox 469 1668 672 1755; x_wconf 88' lang='lat' dir='ltr'><strong>victoriam,</strong></span> <span class='ocrx_word' id='word_1_90' title='bbox 681 1667 891 1765; x_wconf 87' lang='lat' dir='ltr'><strong>compositis</strong></span> <span class='ocrx_word' id='word_1_91' title='bbox 901 1667 939 1736; x_wconf 93' lang='lat' dir='ltr'><strong>in</strong></span> <span class='ocrx_word' id='word_1_92' title='bbox 952 1664 1152 1764; x_wconf 89' lang='lat' dir='ltr'><strong>Babylonia</strong></span> <span class='ocrx_word' id='word_1_93' title='bbox 1161 1664 1288 1757; x_wconf 85' lang='lat' dir='ltr'><strong>rebus,</strong></span> 
     </span>
     <span class='ocr_line' id='line_1_14' title="bbox 189 1776 1286 1877; baseline -0.001 -26"><span class='ocrx_word' id='word_1_94' title='bbox 189 1776 356 1851; x_wconf 78' lang='lat' dir='ltr'><strong>sheltum</strong></span> <span class='ocrx_word' id='word_1_95' title='bbox 369 1777 542 1851; x_wconf 85' lang='lat' dir='ltr'><strong>transfert</strong></span> <span class='ocrx_word' id='word_1_96' title='bbox 551 1780 590 1850; x_wconf 92' lang='lat' dir='ltr'><strong>in</strong></span> <span class='ocrx_word' id='word_1_97' title='bbox 603 1778 765 1876; x_wconf 83' lang='lat' dir='ltr'><strong>Lydiam.</strong></span> <span class='ocrx_word' id='word_1_98' title='bbox 784 1776 858 1866; x_wconf 90' lang='lat' dir='ltr'><strong>Ibi,</strong></span> <span class='ocrx_word' id='word_1_99' title='bbox 870 1776 1019 1850; x_wconf 80' lang='lat' dir='ltr'><strong>fortuna</strong></span> <span class='ocrx_word' id='word_1_100' title='bbox 1032 1778 1162 1877; x_wconf 88' lang='lat' dir='ltr'><strong>prioris</strong></span> <span class='ocrx_word' id='word_1_101' title='bbox 1174 1778 1286 1876; x_wconf 87' lang='lat' dir='ltr'><strong>praelii</strong></span> 
     </span>
     <span class='ocr_line' id='line_1_15' title="bbox 217 1885 1285 1989; baseline -0.001 -29"><span class='ocrx_word' id='word_1_102' title='bbox 217 1890 424 1989; x_wconf 87' lang='lat' dir='ltr'><strong>perculsum</strong></span> <span class='ocrx_word' id='word_1_103' title='bbox 435 1891 509 1987; x_wconf 86' lang='lat' dir='ltr'><strong>jam</strong></span> <span class='ocrx_word' id='word_1_104' title='bbox 522 1891 637 1963; x_wconf 82' lang='lat' dir='ltr'><strong>Croesi</strong></span> <span class='ocrx_word' id='word_1_105' title='bbox 651 1890 851 1961; x_wconf 82' lang='lat' dir='ltr'><strong>exercitum</strong></span> <span class='ocrx_word' id='word_1_106' title='bbox 867 1887 969 1960; x_wconf 89' lang='lat' dir='ltr'><strong>nullo</strong></span> <span class='ocrx_word' id='word_1_107' title='bbox 982 1889 1129 1985; x_wconf 87' lang='lat' dir='ltr'><strong>negotio</strong></span> <span class='ocrx_word' id='word_1_108' title='bbox 1147 1885 1285 1977; x_wconf 85' lang='lat' dir='ltr'><strong>fundit;</strong></span> 
     </span>
     <span class='ocr_line' id='line_1_16' title="bbox 188 1998 1286 2102; baseline 0 -31"><span class='ocrx_word' id='word_1_109' title='bbox 188 2006 365 2074; x_wconf 84' lang='lat' dir='ltr'><strong>oCroesus</strong></span> <span class='ocrx_word' id='word_1_110' title='bbox 394 2004 474 2101; x_wconf 88' lang='lat' dir='ltr'><strong>ipse</strong></span> <span class='ocrx_word' id='word_1_111' title='bbox 502 2005 651 2102; x_wconf 90' lang='lat' dir='ltr'><strong>capitur.</strong></span> <span class='ocrx_word' id='word_1_112' title='bbox 684 2000 754 2071; x_wconf 84' lang='lat' dir='ltr'><strong>Sed</strong></span> <span class='ocrx_word' id='word_1_113' title='bbox 789 2014 928 2098; x_wconf 85' lang='lat' dir='ltr'><strong>quanto</strong></span> <span class='ocrx_word' id='word_1_114' title='bbox 963 1998 1099 2070; x_wconf 87' lang='lat' dir='ltr'><strong>bellurn</strong></span> <span class='ocrx_word' id='word_1_115' title='bbox 1133 1999 1286 2072; x_wconf 86' lang='lat' dir='ltr'><strong>minoris</strong></span> 
     </span>
     <span class='ocr_line' id='line_1_17' title="bbox 188 2110 1286 2213; baseline -0.002 -28"><span class='ocrx_word' id='word_1_116' title='bbox 188 2115 387 2213; x_wconf 87' lang='lat' dir='ltr'><strong>7perieuli,</strong></span> <span class='ocrx_word' id='word_1_117' title='bbox 401 2129 504 2186; x_wconf 88' lang='lat' dir='ltr'><strong>tanto</strong></span> <span class='ocrx_word' id='word_1_118' title='bbox 518 2130 555 2185; x_wconf 89' lang='lat' dir='ltr'><strong>et</strong></span> <span class='ocrx_word' id='word_1_119' title='bbox 566 2116 690 2185; x_wconf 89' lang='lat' dir='ltr'><strong>mitior</strong></span> <span class='ocrx_word' id='word_1_120' title='bbox 702 2114 855 2184; x_wconf 89' lang='lat' dir='ltr'><strong>victoria</strong></span> <span class='ocrx_word' id='word_1_121' title='bbox 868 2110 946 2183; x_wconf 85' lang='lat' dir='ltr'><strong>suit.</strong></span> <span class='ocrx_word' id='word_1_122' title='bbox 958 2116 1085 2183; x_wconf 80' lang='lat' dir='ltr'><strong>Croeso</strong></span> <span class='ocrx_word' id='word_1_123' title='bbox 1098 2125 1135 2182; x_wconf 89' lang='lat' dir='ltr'><strong>et</strong></span> <span class='ocrx_word' id='word_1_124' title='bbox 1145 2111 1234 2199; x_wconf 86' lang='lat' dir='ltr'><strong>vita,</strong></span> <span class='ocrx_word' id='word_1_125' title='bbox 1249 2126 1286 2183; x_wconf 91' lang='lat' dir='ltr'><strong>et</strong></span> 
     </span>
     <span class='ocr_line' id='line_1_18' title="bbox 215 2224 1283 2326; baseline -0.003 -31"><span class='ocrx_word' id='word_1_126' title='bbox 215 2228 425 2323; x_wconf 89' lang='lat' dir='ltr'><strong>patrimonii</strong></span> <span class='ocrx_word' id='word_1_127' title='bbox 446 2240 584 2326; x_wconf 87' lang='lat' dir='ltr'><strong>partes,</strong></span> <span class='ocrx_word' id='word_1_128' title='bbox 603 2240 641 2297; x_wconf 89' lang='lat' dir='ltr'><strong>et</strong></span> <span class='ocrx_word' id='word_1_129' title='bbox 658 2224 749 2297; x_wconf 91' lang='lat' dir='ltr'><strong>urbs</strong></span> <span class='ocrx_word' id='word_1_130' title='bbox 770 2230 907 2296; x_wconf 87' lang='lat' dir='ltr'><strong>Barene</strong></span> <span class='ocrx_word' id='word_1_131' title='bbox 930 2247 1103 2296; x_wconf 88' lang='lat' dir='ltr'><strong>concessa</strong></span> <span class='ocrx_word' id='word_1_132' title='bbox 1121 2238 1225 2295; x_wconf 84' lang='lat' dir='ltr'><strong>sunt:</strong></span> <span class='ocrx_word' id='word_1_133' title='bbox 1244 2224 1283 2293; x_wconf 90' lang='lat' dir='ltr'><strong>in</strong></span> 
     </span>
     <span class='ocr_line' id='line_1_19' title="bbox 216 2334 1284 2436; baseline -0.001 -30"><span class='ocrx_word' id='word_1_134' title='bbox 216 2360 290 2431; x_wconf 89' lang='lat' dir='ltr'><strong>qua</strong></span> <span class='ocrx_word' id='word_1_135' title='bbox 300 2340 367 2408; x_wconf 90' lang='lat' dir='ltr'><strong>etsi</strong></span> <span class='ocrx_word' id='word_1_136' title='bbox 381 2362 459 2407; x_wconf 91' lang='lat' dir='ltr'><strong>nou</strong></span> <span class='ocrx_word' id='word_1_137' title='bbox 473 2339 609 2435; x_wconf 84' lang='lat' dir='ltr'><strong>regiam</strong></span> <span class='ocrx_word' id='word_1_138' title='bbox 621 2338 748 2423; x_wconf 83' lang='lat' dir='ltr'><strong>vitam,</strong></span> <span class='ocrx_word' id='word_1_139' title='bbox 760 2337 962 2436; x_wconf 82' lang='lat' dir='ltr'><strong>proximam</strong></span> <span class='ocrx_word' id='word_1_140' title='bbox 973 2348 1094 2405; x_wconf 89' lang='lat' dir='ltr'><strong>tamen</strong></span> <span class='ocrx_word' id='word_1_141' title='bbox 1109 2334 1284 2429; x_wconf 86' lang='lat' dir='ltr'><strong>majestati</strong></span> 
     </span>
     <span class='ocr_line' id='line_1_20' title="bbox 187 2446 1283 2547; baseline -0.002 -30"><span class='ocrx_word' id='word_1_142' title='bbox 187 2466 204 2517; x_wconf 88' lang='lat'>8</span> <span class='ocrx_word' id='word_1_143' title='bbox 215 2448 319 2545; x_wconf 82' lang='lat' dir='ltr'><strong>regiae</strong></span> <span class='ocrx_word' id='word_1_144' title='bbox 332 2446 486 2547; x_wconf 83' lang='lat' dir='ltr'><strong>degeret.</strong></span> <span class='ocrx_word' id='word_1_145' title='bbox 496 2456 580 2521; x_wconf 86' lang='lat' dir='ltr'><strong>Haec</strong></span> <span class='ocrx_word' id='word_1_146' title='bbox 592 2448 783 2520; x_wconf 87' lang='lat' dir='ltr'><strong>clementia</strong></span> <span class='ocrx_word' id='word_1_147' title='bbox 795 2473 874 2519; x_wconf 90' lang='lat' dir='ltr'><strong>non</strong></span> <span class='ocrx_word' id='word_1_148' title='bbox 885 2448 1008 2518; x_wconf 88' lang='lat' dir='ltr'><strong>minus</strong></span> <span class='ocrx_word' id='word_1_149' title='bbox 1019 2448 1164 2531; x_wconf 87' lang='lat' dir='ltr'><strong>victori,</strong></span> <span class='ocrx_word' id='word_1_150' title='bbox 1174 2468 1283 2543; x_wconf 89' lang='lat' dir='ltr'><strong>quam</strong></span> 
     </span>
     <span class='ocr_line' id='line_1_21' title="bbox 187 2557 1283 2658; baseline 0.001 -33"><span class='ocrx_word' id='word_1_151' title='bbox 187 2558 312 2636; x_wconf 86' lang='lat' dir='ltr'><strong>9victo</strong></span> <span class='ocrx_word' id='word_1_152' title='bbox 329 2558 427 2631; x_wconf 85' lang='lat' dir='ltr'><strong>utilis</strong></span> <span class='ocrx_word' id='word_1_153' title='bbox 439 2557 518 2630; x_wconf 79' lang='lat' dir='ltr'><strong>suia</strong></span> <span class='ocrx_word' id='word_1_154' title='bbox 532 2561 677 2658; x_wconf 83' lang='lat' dir='ltr'><strong>Quippe</strong></span> <span class='ocrx_word' id='word_1_155' title='bbox 692 2585 738 2631; x_wconf 85' lang='lat' dir='ltr'><strong>ex</strong></span> <span class='ocrx_word' id='word_1_156' title='bbox 756 2561 928 2630; x_wconf 88' lang='lat' dir='ltr'><strong>universa</strong></span> <span class='ocrx_word' id='word_1_157' title='bbox 944 2559 1099 2647; x_wconf 63' lang='lat' dir='ltr'><strong>Gracia,</strong></span> <span class='ocrx_word' id='word_1_158' title='bbox 1115 2558 1283 2654; x_wconf 83' lang='lat' dir='ltr'><strong>cognito,</strong></span> 
     </span>
     <span class='ocr_line' id='line_1_22' title="bbox 119 2664 1284 2763; baseline 0.003 -30"><span class='ocrx_word' id='word_1_159' title='bbox 119 2727 122 2733; x_wconf 91' lang='lat'><strong>.</strong></span> <span class='ocrx_word' id='word_1_160' title='bbox 216 2668 317 2763; x_wconf 92' lang='lat' dir='ltr'><strong>quod</strong></span> <span class='ocrx_word' id='word_1_161' title='bbox 341 2669 480 2740; x_wconf 89' lang='lat' dir='ltr'><strong>illatum</strong></span> <span class='ocrx_word' id='word_1_162' title='bbox 506 2674 632 2741; x_wconf 82' lang='lat' dir='ltr'><strong>Croeso</strong></span> <span class='ocrx_word' id='word_1_163' title='bbox 656 2669 795 2740; x_wconf 91' lang='lat' dir='ltr'><strong>bellum</strong></span> <span class='ocrx_word' id='word_1_164' title='bbox 822 2684 936 2757; x_wconf 89' lang='lat' dir='ltr'><strong>esset,</strong></span> <span class='ocrx_word' id='word_1_165' title='bbox 963 2668 1090 2739; x_wconf 85' lang='lat' dir='ltr'><strong>auxilia</strong></span> <span class='ocrx_word' id='word_1_166' title='bbox 1113 2665 1212 2755; x_wconf 79' lang='lat' dir='ltr'><strong>yelut</strong></span> <span class='ocrx_word' id='word_1_167' title='bbox 1236 2664 1284 2737; x_wconf 88' lang='lat' dir='ltr'><strong>ad</strong></span> 
     </span>
     <span class='ocr_line' id='line_1_23' title="bbox 216 2776 1281 2877; baseline -0.002 -29"><span class='ocrx_word' id='word_1_168' title='bbox 216 2800 413 2849; x_wconf 88' lang='lat' dir='ltr'><strong>commune</strong></span> <span class='ocrx_word' id='word_1_169' title='bbox 448 2779 753 2877; x_wconf 83' lang='lat' dir='ltr'><strong>exstinguendum</strong></span> <span class='ocrx_word' id='word_1_170' title='bbox 789 2779 1002 2852; x_wconf 89' lang='lat' dir='ltr'><strong>incendium</strong></span> <span class='ocrx_word' id='word_1_171' title='bbox 1034 2776 1281 2852; x_wconf 87' lang='lat' dir='ltr'><strong>confluebant.</strong></span> 
     </span>
     <span class='ocr_line' id='line_1_24' title="bbox 171 2888 1282 2989; baseline -0.001 -28"><span class='ocrx_word' id='word_1_172' title='bbox 171 2919 205 2961; x_wconf 85' lang='grc' dir='ltr'><strong>ιο</strong></span> <span class='ocrx_word' id='word_1_173' title='bbox 215 2888 352 2958; x_wconf 83' lang='lat' dir='ltr'><strong>Tantus</strong></span> <span class='ocrx_word' id='word_1_174' title='bbox 366 2891 480 2961; x_wconf 85' lang='lat' dir='ltr'><strong>Croesi</strong></span> <span class='ocrx_word' id='word_1_175' title='bbox 494 2913 596 2960; x_wconf 83' lang='lat' dir='ltr'><strong>amor</strong></span> <span class='ocrx_word' id='word_1_176' title='bbox 609 2890 706 2989; x_wconf 89' lang='lat' dir='ltr'><strong>apud</strong></span> <span class='ocrx_word' id='word_1_177' title='bbox 719 2914 848 2963; x_wconf 89' lang='lat' dir='ltr'><strong>omnes</strong></span> <span class='ocrx_word' id='word_1_178' title='bbox 861 2890 971 2963; x_wconf 87' lang='lat' dir='ltr'><strong>urbes</strong></span> <span class='ocrx_word' id='word_1_179' title='bbox 984 2907 1060 2963; x_wconf 89' lang='lat' dir='ltr'><strong>erat</strong></span> <span class='ocrx_word' id='word_1_180' title='bbox 1073 2918 1081 2961; x_wconf 92' lang='lat'><strong>:</strong></span> <span class='ocrx_word' id='word_1_181' title='bbox 1096 2914 1282 2989; x_wconf 86' lang='lat' dir='ltr'><strong>passurus·</strong></span> 
     </span>
     <span class='ocr_line' id='line_1_25' title="bbox 251 3047 1280 3125; baseline 0.005 -27"><span class='ocrx_word' id='word_1_182' title='bbox 251 3047 277 3100; x_wconf 81' lang='lat'><strong>3.</strong></span> <span class='ocrx_word' id='word_1_183' title='bbox 290 3048 445 3120; x_wconf 79' lang='lat' dir='ltr'><strong>Babylonios.</strong></span> <span class='ocrx_word' id='word_1_184' title='bbox 464 3051 505 3102; x_wconf 85' lang='lat' dir='ltr'><strong>De</strong></span> <span class='ocrx_word' id='word_1_185' title='bbox 523 3049 658 3123; x_wconf 82' lang='lat' dir='ltr'><strong>Babylone</strong></span> <span class='ocrx_word' id='word_1_186' title='bbox 677 3050 725 3118; x_wconf 91' lang='lat'><strong>(1,</strong></span> <span class='ocrx_word' id='word_1_187' title='bbox 767 3050 866 3105; x_wconf 90' lang='lat' dir='ltr'><strong>bellum</strong></span> <span class='ocrx_word' id='word_1_188' title='bbox 880 3064 1031 3125; x_wconf 83' lang='lat' dir='ltr'><strong>susceptum</strong></span> <span class='ocrx_word' id='word_1_189' title='bbox 1043 3048 1124 3106; x_wconf 83' lang='lat' dir='ltr'><strong>tradit</strong></span> <span class='ocrx_word' id='word_1_190' title='bbox 1138 3050 1280 3123; x_wconf 78' lang='lat' dir='ltr'><strong>Rabyloni-</strong></span> 
     </span>
     <span class='ocr_line' id='line_1_26' title="bbox 216 3127 1037 3201; baseline 0.007 -24"><span class='ocrx_word' id='word_1_191' title='bbox 216 3145 246 3191; x_wconf 78' lang='lat' dir='ltr'><strong>s,</strong></span> <span class='ocrx_word' id='word_1_192' title='bbox 259 3129 292 3197; x_wconf 90' lang='lat'><strong>7)</strong></span> <span class='ocrx_word' id='word_1_193' title='bbox 304 3139 334 3180; x_wconf 88' lang='lat' dir='ltr'><strong>ut</strong></span> <span class='ocrx_word' id='word_1_194' title='bbox 346 3127 430 3181; x_wconf 81' lang='lat' dir='ltr'><strong>fusius</strong></span> <span class='ocrx_word' id='word_1_195' title='bbox 443 3130 497 3199; x_wconf 78' lang='lat' dir='ltr'><strong>egit</strong></span> <span class='ocrx_word' id='word_1_196' title='bbox 510 3127 675 3194; x_wconf 82' lang='lat' dir='ltr'><strong>Herodotus,</strong></span> <span class='ocrx_word' id='word_1_197' title='bbox 688 3129 726 3183; x_wconf 90' lang='lat' dir='ltr'><strong>sic</strong></span> <span class='ocrx_word' id='word_1_198' title='bbox 766 3132 877 3196; x_wconf 87' lang='lat' dir='ltr'><strong>curn,1,</strong></span> <span class='ocrx_word' id='word_1_199' title='bbox 892 3147 940 3201; x_wconf 83' lang='lat'><strong>177</strong></span> <span class='ocrx_word' id='word_1_200' title='bbox 954 3143 982 3182; x_wconf 87' lang='lat' dir='ltr'><strong>et</strong></span> <span class='ocrx_word' id='word_1_201' title='bbox 994 3132 1037 3183; x_wconf 83' lang='lat'><strong>83.</strong></span> 
     </span>
     <span class='ocr_line' id='line_1_27' title="bbox 213 3202 1281 3279; baseline 0.003 -24"><span class='ocrx_word' id='word_1_202' title='bbox 213 3202 286 3257; x_wconf 83' lang='lat' dir='ltr'><strong>idern</strong></span> <span class='ocrx_word' id='word_1_203' title='bbox 304 3206 463 3279; x_wconf 81' lang='lat' dir='ltr'><strong>Babylonios</strong></span> <span class='ocrx_word' id='word_1_204' title='bbox 484 3206 557 3278; x_wconf 88' lang='lat' dir='ltr'><strong>ipsos</strong></span> <span class='ocrx_word' id='word_1_205' title='bbox 580 3225 725 3279; x_wconf 84' lang='lat' dir='ltr'><strong>eorumque</strong></span> <span class='ocrx_word' id='word_1_206' title='bbox 803 3209 827 3262; x_wconf 78' lang='lat'><strong>5.</strong></span> <span class='ocrx_word' id='word_1_207' title='bbox 851 3208 927 3260; x_wconf 81' lang='lat' dir='ltr'><strong>Nullo</strong></span> <span class='ocrx_word' id='word_1_208' title='bbox 948 3210 1056 3279; x_wconf 66' lang='lat' dir='ltr'><strong>negotio.</strong></span> <span class='ocrx_word' id='word_1_209' title='bbox 1071 3208 1171 3260; x_wconf 88' lang='lat' dir='ltr'><strong>Contra</strong></span> <span class='ocrx_word' id='word_1_210' title='bbox 1192 3218 1281 3259; x_wconf 84' lang='lat' dir='ltr'><strong>autem</strong></span> 
     </span>
     <span class='ocr_line' id='line_1_28' title="bbox 211 3283 1247 3357; baseline 0 -21"><span class='ocrx_word' id='word_1_211' title='bbox 211 3302 341 3357; x_wconf 70' lang='lat' dir='ltr'><strong>regnum,</strong></span> <span class='ocrx_word' id='word_1_212' title='bbox 352 3283 426 3357; x_wconf 86' lang='lat' dir='ltr'><strong>quod</strong></span> <span class='ocrx_word' id='word_1_213' title='bbox 437 3285 535 3339; x_wconf 85' lang='lat' dir='ltr'><strong>Noster</strong></span> <span class='ocrx_word' id='word_1_214' title='bbox 546 3285 667 3356; x_wconf 74' lang='lat' dir='ltr'><strong>attingit,</strong></span> <span class='ocrx_word' id='word_1_215' title='bbox 678 3285 725 3339; x_wconf 87' lang='lat' dir='ltr'><strong>ad·</strong></span> <span class='ocrx_word' id='word_1_216' title='bbox 766 3286 858 3339; x_wconf 78' lang='lat' dir='ltr'><strong>confer</strong></span> <span class='ocrx_word' id='word_1_217' title='bbox 868 3285 1035 3339; x_wconf 85' lang='lat' dir='ltr'><strong>Herodotum</strong></span> <span class='ocrx_word' id='word_1_218' title='bbox 1049 3288 1079 3351; x_wconf 90' lang='lat'><strong>1,</strong></span> <span class='ocrx_word' id='word_1_219' title='bbox 1093 3285 1141 3355; x_wconf 82' lang='lat'><strong>75,</strong></span> <span class='ocrx_word' id='word_1_220' title='bbox 1155 3285 1247 3357; x_wconf 78' lang='lat'><strong>78-83.</strong></span> 
     </span>
     <span class='ocr_line' id='line_1_29' title="bbox 212 3362 1130 3431; baseline -0.002 -14"><span class='ocrx_word' id='word_1_221' title='bbox 212 3365 329 3417; x_wconf 87' lang='lat' dir='ltr'><strong>curatius</strong></span> <span class='ocrx_word' id='word_1_222' title='bbox 336 3362 499 3428; x_wconf 86' lang='lat' dir='ltr'><strong>describitl,</strong></span> <span class='ocrx_word' id='word_1_223' title='bbox 511 3382 637 3431; x_wconf 71' lang='lat' dir='ltr'><strong>ips-roo,</strong></span> <span class='ocrx_word' id='word_1_224' title='bbox 646 3365 724 3417; x_wconf 80' lang='lat' dir='ltr'><strong>sicuti</strong></span> <span class='ocrx_word' id='word_1_225' title='bbox 801 3369 826 3417; x_wconf 86' lang='grc'><strong>6.</strong></span> <span class='ocrx_word' id='word_1_226' title='bbox 843 3394 878 3405; x_wconf 86' lang='lat'><em>-</em></span> <span class='ocrx_word' id='word_1_227' title='bbox 889 3366 968 3417; x_wconf 80' lang='lat' dir='ltr'><strong>Anno</strong></span> <span class='ocrx_word' id='word_1_228' title='bbox 979 3364 1059 3417; x_wconf 82' lang='lat' dir='ltr'><strong>Urbis</strong></span> <span class='ocrx_word' id='word_1_229' title='bbox 1070 3363 1130 3416; x_wconf 74' lang='lat'><strong>215.</strong></span> 
     </span>
     <span class='ocr_line' id='line_1_30' title="bbox 212 3440 1277 3513; baseline 0 -20"><span class='ocrx_word' id='word_1_230' title='bbox 212 3440 247 3494; x_wconf 89' lang='lat' dir='ltr'><strong>de</strong></span> <span class='ocrx_word' id='word_1_231' title='bbox 257 3443 330 3495; x_wconf 87' lang='lat' dir='ltr'><strong>urbis</strong></span> <span class='ocrx_word' id='word_1_232' title='bbox 339 3441 478 3495; x_wconf 85' lang='lat' dir='ltr'><strong>obsidione</strong></span> <span class='ocrx_word' id='word_1_233' title='bbox 489 3442 545 3513; x_wconf 83' lang='lat' dir='ltr'><strong>agit</strong></span> <span class='ocrx_word' id='word_1_234' title='bbox 554 3442 584 3507; x_wconf 89' lang='grc' dir='ltr'><strong>Ι,</strong></span> <span class='ocrx_word' id='word_1_235' title='bbox 597 3444 722 3510; x_wconf 83' lang='lat' dir='ltr'><strong>188·r91.</strong></span> <span class='ocrx_word' id='word_1_236' title='bbox 800 3462 826 3511; x_wconf 91' lang='lat'><strong>7.</strong></span> <span class='ocrx_word' id='word_1_237' title='bbox 840 3450 942 3495; x_wconf 78' lang='lat' dir='ltr'><strong>Barcae.</strong></span> <span class='ocrx_word' id='word_1_238' title='bbox 956 3443 1014 3495; x_wconf 84' lang='lat' dir='ltr'><strong>Hoc</strong></span> <span class='ocrx_word' id='word_1_239' title='bbox 1027 3460 1126 3493; x_wconf 80' lang='lat' dir='ltr'><strong>nomen</strong></span> <span class='ocrx_word' id='word_1_240' title='bbox 1137 3458 1189 3513; x_wconf 89' lang='lat' dir='ltr'><strong>pro</strong></span> <span class='ocrx_word' id='word_1_241' title='bbox 1202 3440 1277 3511; x_wconf 77' lang='lat' dir='ltr'><strong>vulg.</strong></span> 
     </span>
     <span class='ocr_line' id='line_1_31' title="bbox 214 3520 1279 3593; baseline 0 -22"><span class='ocrx_word' id='word_1_242' title='bbox 214 3550 247 3559; x_wconf 87' lang='lat'><em>-</em></span> <span class='ocrx_word' id='word_1_243' title='bbox 259 3526 321 3593; x_wconf 76' lang='lat' dir='ltr'><strong>opes</strong></span> <span class='ocrx_word' id='word_1_244' title='bbox 334 3532 359 3571; x_wconf 79' lang='lat' dir='ltr'><strong>et</strong></span> <span class='ocrx_word' id='word_1_245' title='bbox 371 3520 467 3572; x_wconf 66' lang='lat' dir='ltr'><strong>divitica</strong></span> <span class='ocrx_word' id='word_1_246' title='bbox 483 3522 523 3574; x_wconf 90' lang='lat' dir='ltr'><strong>De</strong></span> <span class='ocrx_word' id='word_1_247' title='bbox 541 3521 637 3593; x_wconf 90' lang='lat' dir='ltr'><strong>quibus</strong></span> <span class='ocrx_word' id='word_1_248' title='bbox 654 3522 723 3574; x_wconf 81' lang='lat' dir='ltr'><strong>mni·</strong></span> <span class='ocrx_word' id='word_1_249' title='bbox 764 3526 841 3573; x_wconf 81' lang='lat' dir='ltr'><strong>Barce</strong></span> <span class='ocrx_word' id='word_1_250' title='bbox 854 3524 865 3590; x_wconf 94' lang='lat'>(</span> <span class='ocrx_word' id='word_1_251' title='bbox 872 3538 932 3593; x_wconf 82' lang='lat' dir='ltr'><strong>quae</strong></span> <span class='ocrx_word' id='word_1_252' title='bbox 943 3521 994 3575; x_wconf 82' lang='lat' dir='ltr'><strong>tuit</strong></span> <span class='ocrx_word' id='word_1_253' title='bbox 1007 3520 1071 3575; x_wconf 87' lang='lat' dir='ltr'><strong>urbs</strong></span> <span class='ocrx_word' id='word_1_254' title='bbox 1081 3521 1212 3593; x_wconf 81' lang='lat' dir='ltr'><strong>Cyrenes,</strong></span> <span class='ocrx_word' id='word_1_255' title='bbox 1222 3536 1279 3589; x_wconf 89' lang='lat' dir='ltr'><strong>quo</strong></span> 
     </span>
     <span class='ocr_line' id='line_1_32' title="bbox 212 3599 1277 3674; baseline 0 -25"><span class='ocrx_word' id='word_1_256' title='bbox 212 3608 255 3650; x_wconf 87' lang='lat' dir='ltr'><strong>tus</strong></span> <span class='ocrx_word' id='word_1_257' title='bbox 279 3612 318 3653; x_wconf 87' lang='lat' dir='ltr'><strong>est</strong></span> <span class='ocrx_word' id='word_1_258' title='bbox 342 3600 495 3654; x_wconf 77' lang='lat' dir='ltr'><strong>Herodotus</strong></span> <span class='ocrx_word' id='word_1_259' title='bbox 518 3600 551 3665; x_wconf 89' lang='lat'><strong>1,</strong></span> <span class='ocrx_word' id='word_1_260' title='bbox 574 3601 674 3668; x_wconf 75' lang='lat'><strong>29-33,</strong></span> <span class='ocrx_word' id='word_1_261' title='bbox 695 3613 724 3653; x_wconf 86' lang='lat' dir='ltr'><strong>et</strong></span> <span class='ocrx_word' id='word_1_262' title='bbox 765 3600 830 3674; x_wconf 83' lang='lat' dir='ltr'><strong>Cyri</strong></span> <span class='ocrx_word' id='word_1_263' title='bbox 850 3618 922 3654; x_wconf 86' lang='lat' dir='ltr'><strong>arma</strong></span> <span class='ocrx_word' id='word_1_264' title='bbox 941 3599 1063 3653; x_wconf 89' lang='lat' dir='ltr'><strong>nondum</strong></span> <span class='ocrx_word' id='word_1_265' title='bbox 1088 3599 1277 3671; x_wconf 71' lang='lat' dir='ltr'><strong>penetrarant)</strong></span> 
     </span>
     <span class='ocr_line' id='line_1_33' title="bbox 213 3676 1277 3751; baseline -0.001 -24"><span class='ocrx_word' id='word_1_266' title='bbox 213 3693 272 3747; x_wconf 86' lang='lat' dir='ltr'><strong>cap.</strong></span> <span class='ocrx_word' id='word_1_267' title='bbox 283 3680 332 3741; x_wconf 85' lang='lat'><strong>50,</strong></span> <span class='ocrx_word' id='word_1_268' title='bbox 344 3680 393 3743; x_wconf 80' lang='lat'><strong>51,</strong></span> <span class='ocrx_word' id='word_1_269' title='bbox 407 3681 455 3744; x_wconf 71' lang='lat'><strong>54,</strong></span> <span class='ocrx_word' id='word_1_270' title='bbox 469 3697 512 3746; x_wconf 84' lang='lat'><strong>9²·</strong></span> <span class='ocrx_word' id='word_1_271' title='bbox 524 3680 564 3729; x_wconf 87' lang='lat' dir='ltr'><strong>De</strong></span> <span class='ocrx_word' id='word_1_272' title='bbox 576 3679 646 3730; x_wconf 89' lang='lat' dir='ltr'><strong>bello</strong></span> <span class='ocrx_word' id='word_1_273' title='bbox 659 3679 722 3731; x_wconf 87' lang='lat' dir='ltr'><strong>Per·</strong></span> <span class='ocrx_word' id='word_1_274' title='bbox 764 3698 852 3751; x_wconf 85' lang='lat' dir='ltr'><strong>recep.</strong></span> <span class='ocrx_word' id='word_1_275' title='bbox 863 3698 896 3732; x_wconf 87' lang='lat' dir='ltr'><strong>ex</strong></span> <span class='ocrx_word' id='word_1_276' title='bbox 905 3680 1056 3748; x_wconf 81' lang='lat' dir='ltr'><strong>conjectura</strong></span> <span class='ocrx_word' id='word_1_277' title='bbox 1065 3676 1201 3749; x_wconf 75' lang='lat' dir='ltr'><strong>Bongarsii</strong></span> <span class='ocrx_word' id='word_1_278' title='bbox 1209 3688 1236 3727; x_wconf 85' lang='lat' dir='ltr'><strong>et</strong></span> <span class='ocrx_word' id='word_1_279' title='bbox 1244 3692 1277 3727; x_wconf 86' lang='lat' dir='ltr'><strong>ex</strong></span> 
     </span>
     <span class='ocr_line' id='line_1_34' title="bbox 213 3753 1277 3827; baseline -0.001 -22"><span class='ocrx_word' id='word_1_280' title='bbox 213 3754 723 3827; x_wconf 76' lang='lat' dir='ltr'><strong>aicoejusquecaussisvid.1,73·76,nec</strong></span> <span class='ocrx_word' id='word_1_281' title='bbox 764 3756 858 3811; x_wconf 82' lang='lat' dir='ltr'><strong>Ctesiar</strong></span> <span class='ocrx_word' id='word_1_282' title='bbox 870 3757 1037 3822; x_wconf 85' lang='lat' dir='ltr'><strong>auctoritate,</strong></span> <span class='ocrx_word' id='word_1_283' title='bbox 1051 3756 1098 3827; x_wconf 90' lang='lat' dir='ltr'><strong>qui</strong></span> <span class='ocrx_word' id='word_1_284' title='bbox 1112 3756 1181 3807; x_wconf 87' lang='lat' dir='ltr'><strong>hanc</strong></span> <span class='ocrx_word' id='word_1_285' title='bbox 1192 3753 1277 3825; x_wconf 82' lang='lat' dir='ltr'><strong>ipsam</strong></span> 
     </span>
     <span class='ocr_line' id='line_1_35' title="bbox 214 3832 1277 3909; baseline 0.003 -27"><span class='ocrx_word' id='word_1_286' title='bbox 214 3849 271 3883; x_wconf 86' lang='lat' dir='ltr'><strong>non</strong></span> <span class='ocrx_word' id='word_1_287' title='bbox 289 3834 380 3903; x_wconf 77' lang='lat'><strong>77·85.</strong></span> <span class='ocrx_word' id='word_1_288' title='bbox 396 3864 430 3874; x_wconf 93' lang='lat'><em>-</em></span> <span class='ocrx_word' id='word_1_289' title='bbox 441 3836 577 3887; x_wconf 78' lang='lat' dir='ltr'><strong>Desolatus.</strong></span> <span class='ocrx_word' id='word_1_290' title='bbox 594 3835 639 3888; x_wconf 88' lang='lat' dir='ltr'><strong>Sic</strong></span> <span class='ocrx_word' id='word_1_291' title='bbox 654 3853 724 3887; x_wconf 85' lang='lat' dir='ltr'><strong>unua</strong></span> <span class='ocrx_word' id='word_1_292' title='bbox 764 3837 858 3890; x_wconf 87' lang='lat' dir='ltr'><strong>urbem</strong></span> <span class='ocrx_word' id='word_1_293' title='bbox 866 3853 951 3909; x_wconf 86' lang='lat' dir='ltr'><strong>prope</strong></span> <span class='ocrx_word' id='word_1_294' title='bbox 961 3835 1091 3889; x_wconf 79' lang='lat' dir='ltr'><strong>Ecbatana</strong></span> <span class='ocrx_word' id='word_1_295' title='bbox 1101 3835 1176 3887; x_wconf 86' lang='lat' dir='ltr'><strong>sitam</strong></span> <span class='ocrx_word' id='word_1_296' title='bbox 1188 3832 1277 3885; x_wconf 79' lang='lat' dir='ltr'><strong>Croeso</strong></span> 
     </span>
     <span class='ocr_line' id='line_1_36' title="bbox 213 3910 990 3976; baseline 0.005 -15"><span class='ocrx_word' id='word_1_297' title='bbox 213 3910 290 3975; x_wconf 81' lang='lat' dir='ltr'><strong>MS.;</strong></span> <span class='ocrx_word' id='word_1_298' title='bbox 305 3910 367 3962; x_wconf 87' lang='lat' dir='ltr'><strong>alibi</strong></span> <span class='ocrx_word' id='word_1_299' title='bbox 383 3911 518 3976; x_wconf 59' lang='lat' dir='ltr'><strong>durham</strong></span> <span class='ocrx_word' id='word_1_300' title='bbox 539 3912 625 3966; x_wconf 67' lang='lat' dir='ltr'><strong>ueteri</strong></span> <span class='ocrx_word' id='word_1_301' title='bbox 643 3912 724 3966; x_wconf 89' lang='lat' dir='ltr'><strong>codd.</strong></span> <span class='ocrx_word' id='word_1_302' title='bbox 765 3912 891 3969; x_wconf 86' lang='lat' dir='ltr'><strong>donatam</strong></span> <span class='ocrx_word' id='word_1_303' title='bbox 902 3912 990 3968; x_wconf 85' lang='lat' dir='ltr'><strong>tradit.</strong></span> 
     </span>
    </p>
   </div>
   <div class='ocr_carea' id='block_1_3' title="bbox 213 3988 1280 4142">
    <p class='ocr_par' dir='ltr' id='par_1_3' title="bbox 213 3988 1280 4142">
     <span class='ocr_line' id='line_1_37' title="bbox 213 3988 1280 4061; baseline 0.002 -22"><span class='ocrx_word' id='word_1_304' title='bbox 213 3988 246 4039; x_wconf 83' lang='lat' dir='ltr'><strong>de</strong></span> <span class='ocrx_word' id='word_1_305' title='bbox 254 4008 280 4039; x_wconf 79' lang='lat' dir='ltr'><strong>ae</strong></span> <span class='ocrx_word' id='word_1_306' title='bbox 290 3989 406 4042; x_wconf 64' lang='lat' dir='ltr'><strong>soteria.</strong></span> <span class='ocrx_word' id='word_1_307' title='bbox 419 4020 453 4032; x_wconf 84' lang='lat'>-</span> <span class='ocrx_word' id='word_1_308' title='bbox 465 3994 544 4044; x_wconf 83' lang='lat' dir='ltr'><strong>Anno</strong></span> <span class='ocrx_word' id='word_1_309' title='bbox 557 3990 638 4043; x_wconf 84' lang='lat' dir='ltr'><strong>Urbis</strong></span> <span class='ocrx_word' id='word_1_310' title='bbox 648 3992 707 4045; x_wconf 71' lang='lat' dir='ltr'><strong>aad.</strong></span> <span class='ocrx_word' id='word_1_311' title='bbox 801 4010 826 4061; x_wconf 85' lang='lat'><strong>9.</strong></span> <span class='ocrx_word' id='word_1_312' title='bbox 834 3996 988 4045; x_wconf 74' lang='lat' dir='ltr'><strong>Esurirersa</strong></span> <span class='ocrx_word' id='word_1_313' title='bbox 996 3992 1098 4044; x_wconf 73' lang='lat' dir='ltr'><strong>Gracia.</strong></span> <span class='ocrx_word' id='word_1_314' title='bbox 1109 3990 1195 4043; x_wconf 78' lang='lat' dir='ltr'><strong>Falso.</strong></span> <span class='ocrx_word' id='word_1_315' title='bbox 1207 3988 1280 4041; x_wconf 75' lang='lat' dir='ltr'><strong>cto-</strong></span> 
     </span>
     <span class='ocr_line' id='line_1_38' title="bbox 249 4065 1278 4142; baseline -0.007 -18"><span class='ocrx_word' id='word_1_316' title='bbox 249 4074 275 4131; x_wconf 72' lang='grc'><strong>4.</strong></span> <span class='ocrx_word' id='word_1_317' title='bbox 291 4070 725 4142; x_wconf 74' lang='lat' dir='ltr'><strong>Cyrusquoquepouvtoeorimtc.</strong></span> <span class='ocrx_word' id='word_1_318' title='bbox 766 4088 910 4142; x_wconf 78' lang='lat' dir='ltr'><strong>amquam</strong></span> <span class='ocrx_word' id='word_1_319' title='bbox 936 4070 969 4123; x_wconf 88' lang='lat' dir='ltr'><strong>ab</strong></span> <span class='ocrx_word' id='word_1_320' title='bbox 994 4070 1101 4122; x_wconf 87' lang='lat' dir='ltr'><strong>oraculo</strong></span> <span class='ocrx_word' id='word_1_321' title='bbox 1127 4065 1278 4121; x_wconf 84' lang='lat' dir='ltr'><strong>admonitus</strong></span> 
     </span>
    </p>
   </div>
   <div class='ocr_carea' id='block_1_4' title="bbox 213 4144 1277 4221">
    <p class='ocr_par' dir='ltr' id='par_1_4' title="bbox 213 4144 1277 4221">
     <span class='ocr_line' id='line_1_39' title="bbox 213 4144 1277 4221; baseline 0 -23"><span class='ocrx_word' id='word_1_322' title='bbox 213 4144 365 4204; x_wconf 79' lang='lat' dir='ltr'><strong>Herodotus</strong></span> <span class='ocrx_word' id='word_1_323' title='bbox 389 4160 451 4221; x_wconf 81' lang='lat' dir='ltr'><strong>post</strong></span> <span class='ocrx_word' id='word_1_324' title='bbox 478 4146 595 4221; x_wconf 84' lang='lat' dir='ltr'><strong>Lydium</strong></span> <span class='ocrx_word' id='word_1_325' title='bbox 615 4147 724 4203; x_wconf 85' lang='lat' dir='ltr'><strong>demum</strong></span> <span class='ocrx_word' id='word_1_326' title='bbox 766 4150 966 4205; x_wconf 73' lang='lat' dir='ltr'><strong>Atheniensium</strong></span> <span class='ocrx_word' id='word_1_327' title='bbox 978 4161 1005 4202; x_wconf 86' lang='lat' dir='ltr'><strong>et</strong></span> <span class='ocrx_word' id='word_1_328' title='bbox 1017 4145 1277 4203; x_wconf 75' lang='lat' dir='ltr'><strong>lacedemoniorum</strong></span> 
     </span>
    </p>
   </div>
   <div class='ocr_carea' id='block_1_5' title="bbox 0 0 1488 4684">
    <p class='ocr_par' dir='ltr' id='par_1_5' title="bbox 0 0 1488 4684">
     <span class='ocr_line' id='line_1_40' title="bbox 0 0 1488 4684; baseline 0 4"><span class='ocrx_word' id='word_1_329' title='bbox 0 0 1488 4684; x_wconf 95' lang='lat' dir='ltr'><strong> </strong></span> 
     </span>
    </p>
   </div>
  </div>
 </body>
</html>
