2967 4684
233 341 304 415 526
655 340 869 410 JUSTINI

231 464 370 537 finibus
381 487 483 536 sacer
493 485 601 534 mons
614 477 684 550 est,
695 486 806 558 quem
816 459 915 532 ferro
925 462 1062 532 violare
1074 460 1176 533 nefas
1185 460 1299 533 habe·

232 575 433 647 tur:sedsi
450 571 868 672 quandofnlgtueterra
887 574 1299 670 proscissaest‚quaein

232 686 289 758 his
304 687 394 758 locis
410 683 559 756 adsidam
575 707 634 756 res
654 696 728 769 est,
746 681 930 752 detectum
950 706 1096 769 aurum,
1113 682 1212 752 velut
1231 684 1301 753 Dei

205 816 384 886 7munus,
405 796 573 893 colligere
592 793 822 892 permittitur.
839 793 996 864 Femina
1010 815 1068 862 res
1086 791 1301 862 domesticas

233 931 474 1008 agrorrunque
489 905 647 977 culmras
662 902 936 975 administrant:
948 904 1019 1000 ipsi
1032 904 1143 974 armis
1155 917 1193 972 et
1207 904 1303 1001 rapi-

207 1024 294 1094 8nis
308 1020 480 1092 serviunt.
498 1019 681 1114 Praecipua
703 1013 761 1085 his
780 1013 927 1110 quidem
946 1012 1032 1084 feni
1053 1013 1221 1102 materia,
1236 1011 1302 1084 scd

235 1157 328 1230 aqua
340 1135 420 1230 ipso
433 1127 531 1202 ferro
547 1127 760 1198 violentior:
772 1125 909 1222 quippe
922 1136 1210 1221 temperamento
1221 1124 1301 1218 ejus

234 1239 370 1312 ferrum
395 1243 514 1312 acrius
537 1236 725 1324 redditiu3
754 1259 824 1306 nec
846 1233 962 1305 ullum
983 1233 1082 1332 apud
1103 1257 1167 1304 eos
1189 1233 1303 1304 telum

234 1350 429 1451 probatur,
450 1349 551 1448 quod
574 1373 652 1419 non
677 1361 739 1418 ant
765 1345 882 1417 Bilbili
902 1344 1032 1433 fluvio,
1053 1359 1116 1415 aut
1138 1343 1304 1439 chalybe

207 1465 404 1560 stingatur.
427 1460 536 1534 Unde
562 1460 670 1531 etiam
693 1456 874 1553 Chalybes
900 1455 1000 1527 fluvii
1023 1454 1133 1551 hujus
1155 1453 1305 1526 finitimi

235 1572 420 1674 appellati,
434 1569 605 1668 ferroque
623 1571 760 1640 caeteris
778 1583 948 1666 praestare
964 1567 1148 1639 dicuntur.

209 1709 221 1744 1
283 1689 341 1756 IV.
354 1683 471 1754 Saltus
483 1705 571 1753 vero
586 1682 849 1767 Tartesiorum,
862 1683 902 1749 in
919 1678 1054 1776 quibus
1065 1681 1211 1749 Titanas
1225 1676 1306 1748 bel·

235 1795 310 1866 lum
333 1793 505 1866 adversus
526 1797 623 1864 Deos
647 1793 796 1890 gessisse
819 1791 1005 1888 proditur,
1026 1788 1213 1860 incoluere
1234 1793 1307 1860 Cu·

235 1919 357 1976 netes:
374 1927 532 2003 quorum
544 1928 609 1974 rex
621 1903 883 1974 vetustissimus
895 1903 1086 1998 Gargoris,
1098 1901 1215 1972 mellis
1228 1899 1307 1971 col-

179 2046 182 2052 ,
209 2014 371 2112 angendi
381 2037 486 2086 usum
498 2017 635 2111 primus
644 2014 796 2084 invenit.
805 2013 899 2085 Huic
908 2010 1166 2110 quinnexfiliae
1176 2027 1307 2109 stupro

238 2149 354 2224 nepos
379 2127 626 2225 provenisset,
654 2123 795 2224 pudore
822 2122 946 2221 flagitii
974 2125 1082 2195 variis
1110 2122 1308 2221 generibus

237 2239 415 2335 exstingui
432 2236 622 2336 parvulum
641 2235 780 2307 voluit:
796 2235 860 2307 sed
876 2261 942 2334 per
957 2257 1086 2306 omnes
1106 2258 1211 2306 orsus
1230 2232 1307 2304 for·

237 2362 327 2419 tuna
348 2347 504 2446 quadam
517 2361 695 2435 servatus,
715 2346 762 2418 ad
775 2361 1000 2446 postremum
1014 2345 1059 2417 ad
1077 2367 1233 2445 regnum
1250 2359 1313 2417 tot

211 2458 485 2556 3pericolomm
501 2459 734 2530 miseratione
752 2460 928 2557 pervenit.
945 2460 1105 2529 Primum
1123 2461 1312 2545 omnim,

239 2593 354 2666 quum
377 2595 459 2640 eum
485 2572 620 2669 exponi
642 2570 823 2665 jussisset,
843 2583 984 2668 etpost
1005 2567 1083 2639 dies
1105 2568 1151 2639 ad
1174 2588 1310 2664 corpus

238 2681 392 2776 expositi
414 2679 677 2778 requirendum
696 2682 866 2769 misisset,
881 2681 1053 2752 inventus
1068 2693 1123 2751 est
1140 2681 1239 2749 vario
1258 2674 1311 2747 se-

211 2809 362 2868 rrarum
374 2791 466 2862 lacte
481 2791 650 2860 nutritus.
663 2789 805 2860 Deinde
818 2789 971 2861 relatum
984 2789 1152 2878 domum,
1165 2790 1310 2860 tramite

241 2915 413 2996 angusto,
427 2924 493 2996 per
508 2923 616 2996 quem
630 2914 794 2971 annenta
808 2925 1012 2972 commeare
1026 2913 1310 2986 consueverant,

239 3011 368 3108 projici
381 3009 508 3105 jubet:
526 3009 681 3081 crudelis
704 3035 870 3108 prorsus,
889 3013 952 3108 qui
973 3009 1177 3109 proculcari
1196 3032 1312 3106 nepo-

210 3133 333 3209 ttem,
347 3139 455 3219 quam
475 3119 628 3218 simplici
646 3137 766 3193 morte
784 3120 959 3212 interfici,
979 3122 1114 3193 maluit.
1134 3120 1192 3192 lbi
1218 3145 1311 3219 quo·

242 3257 313 3331 que
333 3257 447 3330 quum
466 3231 660 3304 inviolatus
678 3248 791 3320 esset,
810 3258 879 3305 nec
896 3233 1078 3304 alimentis
1093 3247 1232 3329 egeret,
1248 3255 1311 3302 ca·

242 3343 353 3415 nibus
371 3345 490 3443 primo
506 3345 655 3440 jejunis,
669 3359 705 3415 et
717 3344 917 3448 multorum
931 3344 1073 3415 dierum
1089 3342 1312 3414 abstinentia

277 3585 386 3653 7.1psi...
398 3585 507 3635 renitet.
519 3582 625 3636 Scilicet
634 3583 684 3654 ipsi
695 3584 755 3636 viri.
798 3588 908 3647 Cumas,
919 3584 967 3655 qni
980 3595 1042 3636 tunt
1054 3583 1082 3636 in
1096 3583 1187 3645 Creta,
1200 3581 1266 3634 nulli
1280 3581 1312 3634 in

278 3660 428 3733 &chalybe
437 3665 521 3714 Anam
529 3662 598 3714 inter
607 3675 633 3714 et
641 3661 757 3732 Tagum,
796 3662 929 3732 Hispanis.
949 3661 1058 3713 Titanes
1079 3672 1167 3713 amero
1188 3671 1312 3712 constans

244 3739 290 3808 qui
304 3739 444 3793 Ptolernoo
461 3753 488 3794 et
504 3741 635 3792 Mertiano
652 3753 691 3792 est
706 3741 757 3794 Cr·
796 3751 916 3793 veterum
935 3739 1001 3791 iamt
1019 3739 1097 3810 ponit
1113 3739 1142 3790 in
1160 3735 1311 3800 Thetsrlia,

244 3815 327 3887 liput,
340 3816 481 3871 annotante
496 3817 531 3870 Is.
545 3817 650 3870 vossio.
796 3835 853 3870 non
865 3818 893 3869 in
907 3817 1039 3888 Hispania.

279 3893 332 3946 lt.
356 3913 379 3947 r.
400 3899 508 3949 Cunna.
533 3901 634 3967 (ἔμετοι
654 3896 757 3948 correxi
833 3915 858 3949 a.
869 3901 963 3968 Stupro.
972 3893 1314 3966 Unutood.qnumhabeat

245 3989 305 4024 cum
325 3971 361 4024 Is.
380 3976 494 4041 vossio,
516 3976 563 4046 qui
583 3987 645 4028 sunt
664 3975 758 4028 incolo
796 3988 870 4038 ωτι,
888 3975 951 4028 inde
969 3976 1057 4030 Groev.
1073 3976 1144 4028 eli'cit
1162 3978 1259 4027 ineam.
1274 4003 1313 4013 -

243 4051 420 4122 promontorii
449 4054 534 4106 Cnnei
562 4053 687 4126 proprie,
709 4054 756 4125 qui
796 4058 960 4106 uenatore.
980 4052 1041 4106 Ald.
1061 4065 1088 4106 et
1106 4054 1180 4105 lunt.
1202 4051 1312 4103 admn-

245 4141 337 4200 postea
351 4127 418 4182 fines
436 4147 498 4185 euos
511 4133 694 4202 protulerant,
705 4149 757 4204 pro
797 4137 873 4198 riom,
888 4145 919 4186 ut
932 4135 957 4201 ς.
975 4149 1016 4187 ro.
