2967 4684
357 325 737 397 HISTORIARUM
761 328 918 397 LIBER
943 330 1090 399 XVIII.
1180 326 1252 429 319

242 450 283 519 V.
301 450 443 519 Primus
461 447 529 519 illis
549 446 720 547 appulsus
742 462 845 519 terra>
866 454 1006 549 Cyprus
1025 448 1143 521 insula
1162 448 1231 523 luit
1243 480 1277 523 ει

194 557 258 631 ubi
281 558 449 633 sacerdos
469 562 586 649 lovis,
605 584 687 629 cum
707 559 860 657 conjuge
880 576 917 631 et
937 559 1076 649 liberis,
1092 565 1279 633 Deorums

193 671 355 758 monitu,
369 672 537 742 comitem
554 695 591 742 se
606 668 724 741 Elissae
737 673 947 768 sociumque
960 667 1117 743 lortunae
1129 672 1255 762 offert,

194 798 321 881 pactus
348 781 417 855 sibi
442 785 667 881 posterisque
698 776 913 881 perpetuum
937 781 1117 862 honorem
1142 808 1255 857 sacer-

195 892 294 965 dotii.
307 892 479 969 Conditio
493 919 561 993 pro
574 891 766 965 manifesto
781 894 902 964 omine
915 909 1072 994 accepta.
1086 900 1166 967 Mos
1177 894 1282 990 er'att

194 1004 353 1103 Cypriis,
369 1004 525 1101 virgines
541 1020 625 1076 ante
642 1005 788 1104 nuptias
801 1006 939 1076 statutis
953 1004 1081 1078 diebus
1097 1001 1282 1089 dotalem's

193 1115 386 1212 pecuniam
402 1118 629 1212 quaesituras,
641 1116 680 1185 in
698 1130 874 1213 quaestum
890 1117 936 1188 ad
952 1116 1035 1188 litus
1052 1122 1159 1190 maris
1172 1122 1255 1191 mit·

192 1239 286 1311 tere,
299 1250 367 1323 pro
381 1226 521 1323 reliqua
533 1225 705 1326 pudicitia
717 1224 914 1297 libamenta
921 1230 1054 1299 Veneri
1066 1228 1255 1301 soluturas.

193 1342 330 1409 Harum
359 1339 467 1435 igitur
497 1363 541 1409 ex
573 1362 727 1410 numero
757 1364 848 1410 cxxx
877 1338 1073 1411 admodum
1101 1342 1283 1439 virginess

192 1460 314 1545 raptas
339 1446 491 1519 navibus
518 1451 659 1547 imponi
682 1449 794 1521 Elissa
816 1449 938 1547 juhet;
957 1464 999 1521 ut
1023 1465 1061 1522 et
1085 1452 1256 1546 juventus

192 1560 441 1647 matrimonia,
463 1575 499 1632 et
524 1560 613 1631 urbs
638 1559 822 1650 sobolem,
845 1560 980 1632 habere
1005 1576 1135 1660 posset.
1160 1566 1285 1639 Dume

193 1670 271 1744 haec
289 1687 463 1769 aguntur,
483 1670 691 1768 Pygmalion
710 1675 855 1767 cognita
870 1672 1005 1741 sororis
1021 1669 1125 1770 luga,
1143 1698 1257 1771 quum

194 1785 305 1882 impio
327 1781 423 1855 bello
445 1779 643 1880 fugientem
666 1784 836 1881 persequi
853 1796 1013 1879 pararet,
1027 1808 1118 1881 aegre
1135 1789 1258 1882 preci-

192 1892 459 1981 busmatris‚et
470 1897 632 1965 Deorum
643 1894 753 1964 minis
764 1894 898 1982 rioms,
910 1894 1132 1989 quievitzcui
1144 1920 1286 1993 quum7

193 2004 359 2103 Inspirati
380 2018 478 2075 vates
506 2018 699 2091 canerent,
722 2034 739 2069 α
757 2027 836 2075 non
857 2004 1007 2102 impune
1028 2004 1207 2097 taurum,
1229 2009 1259 2079 si

193 2116 422 2186 incrementa
438 2111 541 2185 urbis
564 2128 642 2185 toto
664 2112 756 2185 orbe
777 2115 1066 2210 auspicatissimae
1086 2117 1259 2216 interpel-

194 2224 343 2317 lassent
358 2226 430 2299 hoc
444 2224 555 2298 modo
572 2228 726 2325 spatium
743 2222 946 2324 respirandi
960 2221 1184 2322 fugientibus
1198 2225 1260 2298 da·

194 2351 285 2409 tum.
297 2346 421 2437 ltaque
434 2338 545 2411 Elissa
558 2335 675 2409 delata
688 2339 727 2407 in
741 2334 868 2409 Atricae
882 2338 1019 2424 sinum,
1033 2334 1172 2408 incolas
1188 2336 1259 2408 loci
1272 2360 1288 2413 c

195 2450 292 2547 ejus,
320 2450 478 2524 adventu
507 2450 801 2549 peregrinorum,
826 2460 1107 2544 mutsmrumque
1136 2472 1260 2519 rerum

196 2567 417 2636 commercio
438 2563 653 2663 gaudenteS,
668 2561 707 2630 in
726 2560 919 2632 amicitiam
935 2558 1111 2630 solicitat:
1128 2558 1288 2647 deinde9

195 2687 292 2745 emto
307 2674 408 2766 l0c0,
423 2678 486 2773 qui
503 2678 604 2748 corio
620 2672 726 2745 bovis
745 2674 816 2770 tegi
835 2685 977 2771 posset,
993 2672 1033 2740 in
1055 2689 1131 2768 quo
1148 2669 1262 2745 fessos

195 2782 305 2885 longa
323 2787 549 2885 navigatione
567 2788 700 2875 socios,
714 2782 836 2884 quoad
853 2781 1161 2882 proficisceretur,
1177 2782 1262 2855 refi-

199 2920 280 2967 cere
293 2912 430 2995 posset‚
443 2899 582 2969 corium
594 2899 636 2968 in
652 2898 879 2968 tenuissimas
890 2911 1010 2995 partes
1021 2896 1132 2967 secari
1143 2894 1262 2991 jubet,

196 3020 305 3104 atque
319 3008 368 3079 ita
381 3009 495 3104 majus
512 3007 583 3078 loci
600 3010 773 3108 spatium,
787 3030 896 3103 quam
908 3006 1076 3104 petierat,
1088 3021 1261 3105 occupate

197 3118 297 3191 unde
314 3135 439 3218 postea
454 3122 488 3191 ei
505 3119 589 3191 loco
602 3124 720 3215 Byrsae
737 3142 874 3189 nomen
889 3115 1308 3191 fuit.confluentibm10

231 3342 268 3395 V.
279 3363 304 3397 s.
319 3346 392 3395 Jove.
402 3342 532 3398 scheller.
544 3359 559 3395 s
573 3341 666 3397 Servio
675 3339 709 3395 sd
753 3358 802 3409 199
810 3378 819 3405 ,
828 3340 874 3393 ubi
882 3352 949 3393 extr.
961 3338 1037 3393 addit
1047 3359 1054 3393 ι
1063 3340 1166 3402 Abanti,
1179 3358 1261 3411 nempe

74 3404 78 3411 ι
198 3422 278 3495 VIrg.
293 3425 356 3477 AEn.
371 3424 399 3489 l,
418 3431 483 3495 447,
497 3420 620 3475 emendat
630 3428 709 3473 luno-
750 3423 776 3470 s'n
791 3424 868 3491 Cypro
888 3418 971 3469 smilis
987 3417 1096 3489 quodam
1114 3418 1155 3468 les·
1171 3428 1214 3469 est.
1225 3446 1261 3457 ·—

196 3504 244 3553 nis.
256 3532 289 3541 -
303 3502 391 3569 Ossert.
405 3503 536 3555 Revocavi
548 3498 653 3555 exedd.
666 3518 710 3553 sn·
750 3499 859 3570 Reliqua.
881 3498 914 3549 In
935 3496 1104 3549 matrimonio
1123 3495 1182 3566 ipso
1204 3514 1260 3547 ser·

197 3580 245 3652 tiq.
267 3600 318 3653 pro
335 3579 455 3652 praebuit,
479 3578 552 3652 qnod
571 3578 709 3644 Graevius,
750 3576 844 3635 sanda.

197 3657 265 3713 illud
277 3660 404 3731 probaris,
416 3660 444 3713 in
457 3672 529 3713 textu
539 3657 656 3729 reliquit.
785 3674 810 3725 9.
822 3662 914 3728 Byrsa.
932 3654 974 3707 De
989 3660 1069 3725 Byrsa
1082 3650 1140 3707 vid.
1154 3664 1211 3703 not.
1227 3650 1261 3704 ad

232 3743 258 3801 4.
274 3744 327 3791 Mos
345 3751 398 3791 emt
412 3740 518 3810 Cypriis,
539 3750 591 3790 etc.
608 3736 709 3797 Harum
752 3734 858 3789 Cornel.
873 3734 966 3803 fragm.
980 3748 1042 3804 pag.
1058 3750 1122 3803 270,
1132 3729 1175 3783 ed.
1187 3750 1259 3785 meae.

196 3818 361 3890 progeniem,
367 3816 620 3891 Carthaginiensium
627 3814 710 3887 virgi·
751 3816 858 3867 Annum
870 3826 958 3864 sutem
971 3810 1137 3881 Carthaginis
1147 3808 1261 3864 conditas

197 3914 245 3950 nes
257 3896 372 3951 eamdem
385 3916 486 3953 morsm
503 3914 617 3949 servasse
630 3892 710 3947 tradit
752 3890 903 3964 adpositum
910 3890 1023 3961 margini
1030 3886 1093 3942 dedi
1102 3904 1137 3941 ex
1145 3906 1262 3941 commu·

196 3976 286 4030 Valer.
298 3978 338 4031 M.
352 3977 396 4042 11,
406 3980 435 4041 6,
449 3988 513 4029 extr.
529 3978 570 4027 15.
583 3971 659 4027 Idem
669 3991 710 4027 re·
750 3967 1261 4041 usioneGmereri,quumVelteiusPa·

196 4052 249 4109 lert
263 4055 298 4109 de
311 4055 404 4129 Lydiis
419 4054 566 4126 virginibus
580 4050 709 4105 Herodot.
751 4052 866 4105 tereulus
878 4050 907 4115 l,
918 4052 949 4114 6,
962 4055 991 4112 4,
1001 4064 1099 4100 annum
1109 4048 1142 4099 6⁵
1155 4059 1215 4101 ante
1224 4044 1260 4097 U.

198 4133 228 4201 l,
242 4143 292 4203 94,
307 4147 335 4189 et
347 4134 499 4206 Babyloniis
511 4131 665 4193 mulieribus
678 4130 709 4195 1,
750 4130 781 4182 C.
793 4126 1141 4202 ponat51iv.EpitomeL1
1162 4142 1260 4179 sunum
