2967 4684
214 401 280 449 100
636 356 844 432 tusrlm

209 512 377 598 possent,
396 494 607 593 priusquam
623 483 792 555 adversus
810 476 965 549 calorem
981 470 1036 543 vel
1052 467 1164 567 frigus
1179 468 1268 541 vela-

209 626 332 682 menta
347 605 512 704 corporis
529 599 796 680 invenirentur,
808 588 866 660 vel
882 586 1045 657 locorum
1060 583 1158 669 vitia,
1173 604 1268 680 quae-

180 746 197 800 7
210 722 285 792 sitis
297 733 374 789 arte
387 709 554 786 remediis
566 706 795 781 mollirentur
808 728 816 769 :
830 702 1020 795 AEgyptum
1034 694 1083 765 ita
1096 707 1269 791 tempera-

208 846 283 901 tam
307 850 449 925 semper
472 821 602 909 fuisse,
622 832 663 888 ut
687 836 806 911 neque
830 806 996 905 hyberna
1025 802 1176 901 frigora,
1199 828 1269 875 nec

180 940 319 1017 aestivi
335 934 419 1007 solis
434 930 581 1005 ardores
596 924 735 1001 incolas
751 923 827 1019 ejus
844 930 1066 1019 premerent;
1084 914 1201 985 solum
1220 916 1269 983 ita

20 1119 23 1121 ,
208 1046 438 1133 urcundum,
453 1059 494 1114 ut
512 1041 766 1113 alimentorum
785 1034 824 1103 in
847 1054 933 1102 usus
953 1027 1146 1099 hominum
1171 1024 1270 1096 nulla

56 1208 60 1213 -
180 1171 306 1239 eterra
324 1152 476 1227 feracior
493 1150 612 1223 fuerit.
631 1154 716 1220 Jure
734 1146 844 1243 igitur
860 1140 910 1213 ibi
928 1142 1085 1239 primum
1103 1134 1270 1207 homines

210 1280 314 1337 natos
332 1265 446 1337 videri
464 1261 618 1349 debere,
636 1256 702 1330 ubi
722 1255 868 1328 educari
889 1248 1058 1323 facillime
1079 1260 1270 1347 possent»

165 1357 367 1466 xoContr'a,
393 1374 533 1472 Scythae
565 1371 641 1443 caeli
668 1378 994 1466 temperamentum
1025 1358 1165 1432 nullum
1194 1382 1272 1431 esse

162 1510 195 1551 u
207 1488 392 1560 venistatis
407 1497 662 1582 argumentum
680 1476 880 1580 putabant:
896 1474 1070 1573 «Quippe
1089 1484 1274 1557 naturam,

208 1623 322 1695 quum
343 1599 502 1695 primum
523 1596 750 1665 incrementa
771 1588 901 1660 caloris
924 1608 967 1656 ac
988 1580 1130 1681 frigoris
1152 1582 1273 1677 regio-

206 1706 319 1779 nibus
329 1708 509 1791 distinxit,
522 1706 641 1777 statim
652 1701 698 1774 ad
710 1700 875 1772 locorum
886 1696 1095 1797 patientiam
1106 1690 1273 1763 animalia

165 1851 197 1887 n
209 1844 362 1918 quaeque
375 1840 563 1915 generasse
576 1844 584 1886 :
597 1814 660 1886 sed
672 1827 709 1885 et
721 1809 893 1883 arborum
909 1822 1018 1904 atque
1031 1803 1192 1901 frugum,
1204 1826 1272 1901 pro

166 1932 401 2027 13regionum
418 1927 648 2013 conditione,
664 1938 747 2021 apte
763 1946 896 2019 genera
912 1922 1056 1991 variata.
1074 1922 1118 1987 Et
1135 1928 1272 2013 quanto

209 2039 353 2136 Scythis
373 2040 420 2110 sit
439 2036 565 2110 caelum
588 2035 746 2133 asperius
771 2056 880 2130 quam
903 2030 1092 2127 AEgyptiis,
1111 2041 1214 2098 tanto
1237 2040 1275 2096 et
1364 2084 1369 2099 .

166 2162 198 2221 nt
211 2174 366 2248 corpora
382 2164 420 2221 et
435 2150 581 2247 ingenia
599 2169 679 2218 esse
699 2143 858 2216 duriora.
878 2146 1055 2213 Caeterum
1077 2139 1106 2209 si
1125 2135 1274 2223 mundi,

209 2284 289 2358 quae
314 2283 416 2330 nunc
442 2272 562 2357 partes
588 2270 696 2343 sunt,
717 2250 915 2353 aliquando
941 2252 1060 2321 unitas
1088 2246 1174 2337 suit3
1201 2249 1274 2319 sive

209 2370 348 2443 illuvies
367 2394 542 2468 aquarum
566 2367 748 2467 principio
770 2388 892 2437 rerum
914 2376 1028 2435 terras
1052 2357 1200 2449 obrutas
1224 2372 1274 2428 te-

210 2484 313 2553 nuit:
329 2483 402 2553 sive
419 2482 530 2579 ignis,
548 2480 612 2575 qui
632 2493 669 2549 et
683 2476 863 2548 mundum
880 2475 1024 2573 genuit,
1042 2486 1174 2544 cuncta
1190 2493 1276 2568 pos·

211 2590 323 2705 sedit,
341 2592 530 2686 utriusque
552 2586 740 2685 primordii
763 2586 913 2683 Scythas
936 2586 1075 2683 origine
1097 2596 1274 2681 praestare.

213 2748 434 2819 nNilo‚benigna
443 2746 557 2821 quadam
571 2746 663 2800 caloris
670 2746 722 2813 hu·
764 2754 821 2819 ca'p.
837 2764 869 2801 a:
884 2750 974 2799 Potitio
987 2746 1040 2797 eoeli
1056 2746 1161 2817 corporis
1174 2742 1219 2794 dar
1229 2740 1274 2793 lia-

212 2826 347 2896 morisque
354 2827 490 2897 temperie,
497 2824 667 2897 productum.
676 2844 722 2879 nn.
764 2826 852 2889 bitum}
865 2838 892 2879 et
904 2825 975 2879 alibi.
992 2842 1039 2878 ro.

249 2923 275 2973 7.
288 2908 426 2975 Egyptian.
437 2905 478 2956 De
491 2906 610 2977 AEgypto
620 2904 725 2957 disserit
801 2912 842 2969 ¹4·
861 2905 963 2957 Illuvies.
985 2903 1138 2957 Gronovius
1158 2920 1222 2956 avus
1241 2898 1275 2954 ad

213 2978 418 3047 Herodotnrll,
427 2984 502 3047 6-34.
510 2983 580 3035 llinc
588 2984 723 3053 Augustus
763 2982 823 3038 Liv.
836 2984 863 3048 l,
873 2990 903 3050 4,
913 2996 939 3035 et
949 2984 1031 3035 hicet
1043 2982 1111 3033 inira
1120 2998 1179 3052 cap.
1189 2984 1221 3044 6,
1233 2998 1277 3046 ro,

214 3058 287 3132 apud
297 3060 379 3113 Tacit
390 3062 485 3113 Annal.
494 3062 541 3126 11,
556 3062 606 3128 59,
620 3065 725 3125 azurei·
765 3075 791 3115 et
798 3062 868 3134 apud
876 3063 959 3116 Tacit.
969 3064 1038 3114 Anu.
1049 3060 1117 3125 ΧΠ,
1129 3064 1172 3123 51,
1183 3066 1208 3125 l,
1220 3078 1278 3113 cor·

213 3139 264 3190 alia
274 3138 444 3191 humationis
452 3158 557 3203 amana,
568 3143 662 3205 uetitis,
677 3144 725 3193 nisi
764 3142 828 3213 tigit
841 3142 938 3205 ἀεινίεε,
954 3141 972 3192 i.
987 3160 1011 3192 e.
1025 3138 1185 3203 exundatio,
1196 3139 1276 3191 inun-

207 3221 327 3289 pemiseu
342 3220 475 3289 Principis,
491 3218 588 3287 ugnas
605 3222 722 3273 senueri-
765 3219 940 3292 datio,quurn
948 3218 1037 3270 murus
1044 3216 1135 3269 sordes
1142 3218 1194 3269 sint
1205 3228 1276 3269 erte·

212 3296 257 3349 bus
280 3306 325 3347 aut
346 3294 462 3368 equitibus
483 3299 596 3348 nonanis
624 3298 723 3349 ἰίίωιή·
764 3299 820 3351 rius
848 3296 986 3370 adspersu.
1025 3298 1143 3349 Lactant.
1174 3307 1277 3361 autem,

212 3373 270 3439 bus,
282 3378 389 3446 seposuit
398 3379 549 3447 Egyptian:
561 3378 667 3442 resume
682 3396 723 3428 ur·
766 3376 840 3440 Vll,
855 3380 901 3441 16,
912 3376 969 3429 huc
979 3376 1069 3447 iungit
1082 3376 1161 3429 verlra
1177 3392 1183 3427 :
1197 3380 1276 3426 later·

212 3454 505 3527 gemltalim,quisqur's
513 3459 723 3526 comprovinciam,
766 3458 835 3508 ibunt
848 3456 998 3524 (civitates)
1016 3475 1065 3507 non
1084 3455 1155 3507 modo
1167 3456 1238 3519 fem
1254 3466 1279 3507 et

213 3532 364 3605 clauoque
378 3543 448 3582 tenoe
465 3551 497 3583 ac
515 3536 599 3596 maris,
621 3538 726 3607 quamvr's
767 3536 834 3605 lgm,
853 3554 937 3588 oerum
957 3538 1026 3587 etiam
1047 3546 1116 3585 teme
1134 3532 1236 3585 motibus
1254 3546 1279 3584 et

185 3682 190 3687 ⁴
215 3608 260 3698 levi
264 3609 380 3679 prasidio
390 3609 513 3663 mosum
529 3614 638 3681 mgmtu
655 3632 725 3664 exer·
767 3614 974 3688 ehvuaqmrum.
993 3632 1039 3666 ro.
1057 3644 1093 3653 -
1112 3614 1153 3665 De
1171 3632 1201 3667 re
1221 3614 1277 3685 ipsa

215 3696 276 3736 ΝΜ
288 3686 419 3778 ''Mssa-
765 3694 840 3767 prius
850 3694 940 3747 statuit
949 3695 1049 3759 Moses,
1058 3694 1126 3747 Gen.
1136 3711 1194 3765 oep.
1207 3712 1234 3757 r,
1247 3709 1277 3755 at

253 3781 294 3816 ιι.
315 3766 438 3816 Animalia
458 3786 566 3840 quoque.
588 3768 663 3820 Junt.
688 3768 726 3823 ric
765 3774 897 3845 posterius
923 3774 1004 3827 Stoici
1031 3770 1102 3845 apud
1131 3773 1188 3825 Cic.
1216 3772 1277 3824 Nat.

216 3854 289 3896 recte
303 3859 310 3895 :
323 3843 397 3914 quod
410 3857 436 3897 et
447 3847 613 3901 Oxonienses
629 3848 726 3920 proba·
767 3850 841 3905 deor.
858 3850 905 3917 ΙΙ,
927 3854 976 3917 46,
996 3852 1028 3917 3;
1048 3864 1191 3924 utrumque
1213 3866 1278 3902 con·

217 3934 323 3975 vetunt·
334 3922 552 3997 Vulgmquoque.
568 3943 614 3977 nn.
766 3930 1215 4001 jungitBuffiminepochisnaturae
1223 3946 1277 3980 non

255 4000 296 4053 ¹3.
306 4005 430 4068 Quanto...
440 4001 546 4056 duriora.
555 4004 629 4057 Curt.
638 4002 726 4070 Vnt,
768 4007 855 4061 minus
877 4008 980 4074 audax,
1004 4026 1083 4081 quarn
1106 4006 1277 4079 ingeniosum

218 4098 248 4146 9,
264 4082 435 4150 26:1¹¹ng
447 4082 567 4135 miuron
585 4083 671 4156 ubique
687 4084 726 4135 lo-
769 4086 852 4137 mundi
860 4098 944 4159 partes
951 4087 1055 4152 fremat
1064 4087 1144 4138 uacuas
1156 4086 1183 4137 in
1198 4084 1279 4146 chao,

218 4176 298 4211 como
319 4161 380 4213 sinu
400 4160 512 4226 formu,-
528 4162 612 4217 Tacit.
636 4162 725 4236 Agrie.
769 4161 868 4236 dequo
881 4164 961 4224 oud.
974 4166 1040 4222 Met.
1053 4164 1082 4231 1,
1097 4164 1169 4219 5-31.
1182 4192 1216 4206 -
1227 4164 1281 4213 Sive
