2967 4684
341 385 723 455 HISTORIARUM
740 383 909 456 LIBER
934 389 1091 460 XXIII.
1183 387 1253 462 363

188 505 308 579 cunda
334 503 503 592 fortuna,
525 505 635 580 rebus
661 531 770 605 supra
795 523 880 578 vota
909 500 1125 597 fluentibus,
1144 512 1255 582 Italiae

188 617 385 714 Siciliaeque
402 617 610 715 imperium,
623 632 661 688 et
675 632 732 689 tot
749 617 794 688 de
813 621 987 691 Romanis
1005 623 1175 693 victorias
1194 621 1256 692 ad·

189 742 390 800 struxerat:
408 729 457 798 ita
480 753 581 800 nunc
604 729 772 816 adversa,
790 729 889 802 velut
909 732 948 802 in
975 733 1255 804 ostentationem

189 837 388 936 fragilitatis
420 837 614 928 humanae,
646 824 838 912 destruens
872 865 952 940 quae
992 841 1257 932 cumulaverat,

191 949 362 1024 Siciliensi
376 953 492 1022 ruinae
507 950 736 1049 naufragium
750 953 859 1024 maris
868 1007 878 1040 ,
887 947 925 1022 et
939 950 1073 1025 loedam
1088 954 1259 1026 adversus

190 1068 374 1135 Romanos
402 1087 581 1162 pugnam,
609 1079 830 1162 turpemque
858 1062 904 1134 ab
934 1063 1036 1134 ltalia
1063 1065 1260 1137 discessum

192 1172 332 1269 adjecit.

240 1287 298 1354 IV.
312 1288 397 1356 Post
415 1283 682 1384 prosectionem
701 1311 722 1356 a
739 1284 859 1357 Sicilia
875 1285 1022 1382 Pyrrhi,
1037 1287 1262 1384 magistratus
1278 1324 1287 1360 1

194 1398 305 1467 Hiero
321 1412 484 1468 creatur:
499 1399 602 1493 cujus
617 1412 719 1469 tanta
732 1395 936 1468 moderatio
952 1395 1039 1486 fuit,
1052 1411 1093 1467 ut
1108 1421 1263 1468 consen·
1278 1438 1291 1470 :t

195 1506 308 1576 tiente
325 1507 491 1577 omnium
511 1509 708 1579 civitatium
727 1506 870 1597 favore,
891 1507 965 1579 dux
990 1508 1160 1579 adversus
1177 1513 1265 1580 Car-

195 1613 441 1714 thaginienses
449 1619 721 1716 primum,mox
729 1643 794 1690 rex
806 1632 998 1690 crearetur.
1006 1619 1122 1715 Hujus
1136 1613 1265 1690 future
1279 1640 1294 1691 3

195 1728 408 1823 majestatis,
436 1729 514 1827 ipsa
541 1727 694 1801 infantis
727 1728 894 1800 educatio
926 1731 1029 1827 quasi
1061 1729 1267 1826 praenuntia

196 1835 264 1908 luit
278 1866 286 1907 :
302 1840 439 1939 quippe
454 1843 598 1938 genitus
616 1857 694 1912 erat
711 1855 814 1940 patre
833 1840 1020 1928 Hierocle,
1036 1837 1153 1911 nobili
1170 1842 1267 1924 viro,
1281 1865 1296 1922 r

197 1949 299 2045 cujus
315 1951 418 2047 origo
432 1977 453 2021 a
466 1951 627 2041 Getone,
639 1955 793 2050 antiquo
811 1953 936 2024 Sicilire
955 1967 1130 2048 tyranno,
1145 1975 1268 2022 mana·

177 2049 260 2131 ‘hat
274 2087 283 2129 ε
296 2058 361 2130 sed
377 2077 584 2130 maternum
609 2062 659 2131 illi
682 2087 799 2156 genus
820 2061 1028 2149 sordidum,
1047 2077 1155 2158 atque
1178 2059 1268 2131 adeo
1282 2085 1296 2136 5

198 2167 411 2270 pudendum
427 2168 505 2239 luit.
518 2172 611 2241 Nam
626 2193 670 2238 ex
684 2169 816 2239 ancilla
836 2187 960 2258 natur,
980 2195 1021 2242 ac
1040 2187 1232 2268 propterea
1250 2195 1298 2246 ao

199 2294 319 2379 patre,
328 2279 428 2350 velut
442 2278 809 2349 dehonestamentum
822 2281 980 2377 generis,
989 2283 1174 2378 expositus
1184 2295 1269 2382 erat.

238 2543 280 2580 11.
301 2525 472 2578 Adstmserst.
491 2525 605 2599 Pyr-rho.
620 2554 653 2564 —
675 2523 717 2576 Its
754 2523 811 2594 plus
823 2523 937 2575 subsistet
948 2523 1022 2596 qs’en
1035 2533 1210 2593 moaprsnsnt.
1224 2523 1272 2576 Vi·

202 2605 286 2660 Tacit.
300 2604 335 2657 de
353 2604 406 2659 vita
420 2604 566 2675 Agrioolts,
580 2609 626 2667 44,
645 2604 679 2656 5:
695 2613 721 2653 et
759 2599 846 2654 denda
864 2602 973 2672 insuper·
990 2601 1040 2654 bac
1053 2599 1088 2653 de
1098 2619 1127 2654 re
1140 2601 1274 2654 Plutarchi

203 2683 367 2737 consularibus
390 2704 421 2735 ac
441 2681 621 2756 mampdalr'bus
642 2701 718 2734 oms·
760 2681 903 2744 sententis,
916 2680 963 2750 qni
977 2679 1045 2732 hano
1058 2697 1148 2732 rerum
1162 2679 1274 2734 varista-

204 2767 287 2818 mentis
294 2763 414 2836 proeda'to,
434 2763 495 2837 quid
512 2763 583 2816 aliud
596 2761 719 2814 adinum
760 2772 814 2812 tern
827 2778 881 2814 non
898 2759 1024 2823 fortuna,
1041 2757 1088 2810 sed
1103 2758 1153 2811 viri
1165 2759 1274 2830 ingenio

200 2843 303 2908 fortuna
315 2849 430 2913 poam?
449 2861 494 2896 sn.
516 2873 551 2884 —
570 2841 719 2911 Fragr'lr'earis
761 2837 891 2892 tribuebat
903 2855 910 2888 :
924 2835 1091 2910 quiquidem
1102 2855 1160 2908 quse
1173 2837 1275 2890 sortiter

206 2921 324 2970 humare
334 2921 395 2972 Nou
403 2932 456 2972 tam
466 2920 578 2973 inmunes
586 2919 719 2990 fragilitati
761 2916 906 2990 pugnando
913 2915 1078 2988 adquirebat,
1086 2934 1189 2987 semper
1196 2935 1276 2972 nova·

207 2995 360 3067 imputanda
380 3009 420 3049 est
439 2998 483 3048 ills
504 2997 599 3068 Pyrrhi
617 2996 719 3061 clades,
760 3015 821 3048 rum
834 3013 923 3048 rerum
936 3012 983 3066 spe
995 2993 1275 3078 corrumperet7Unde

208 3093 287 3146 quam
301 3073 484 3126 infirmissimis
496 3074 577 3143 hujus
593 3073 721 3145 principis
762 3074 911 3144 Antigonus
929 3091 991 3125 eum
1008 3093 1070 3125 cum
1085 3075 1197 3126 aleatore
1210 3092 1275 3127 con·

209 3153 316 3224 opibus,
324 3154 399 3222 cujus
407 3151 721 3222 omnismsgnitudopro·
764 3151 832 3206 ferre
847 3153 959 3215 solebat,
971 3152 1017 3222 qui
1027 3153 1109 3204 multa
1122 3166 1149 3205 et
1162 3151 1276 3206 secunda
1319 3193 1322 3196 -

208 3231 274 3303 priis
285 3230 428 3283 virtutibus
441 3230 589 3294 constabat,
600 3242 631 3281 ut
642 3228 723 3281 refert
761 3233 874 3302 jaceret,
888 3229 935 3284 sed
946 3233 1017 3300 jactu
1031 3232 1143 3284 nesciret
1156 3233 1204 3283 uti.
1218 3249 1262 3283 sn.

209 3311 389 3380 Momesquieu,
406 3307 534 3358 Grandem
546 3320 569 3358 et
582 3307 723 3358 De'csdence
800 3309 850 3363 IV.
862 3329 885 3362 r.
894 3317 954 3361 Post
957 3312 1130 3381 profectionem
1136 3322 1185 3362 stc.
1198 3309 1276 3362 ConI.

209 3388 490 3450 desnomains,17.··
504 3393 540 3438 Ia
556 3385 725 3456 grandeurds
765 3387 846 3440 Diod.
863 3387 963 3454 XXII,
985 3389 1077 3458 fragm.
1095 3407 1126 3440 11
1147 3399 1173 3440 et
1189 3387 1237 3452 23,
1252 3388 1277 3439 5.

209 3463 655 3539 Pyrrhuspneconsistas'tquedansses
664 3483 724 3536 quo·
748 3467 874 3520 'prefuit
884 3479 971 3520 antem
991 3467 1086 3520 Sicilia
1100 3467 1198 3537 insigni
1213 3484 1278 3537 pru-

209 3546 262 3597 lr'te's
275 3542 448 3616 ρει-1111111111.
463 3541 595 3613 Platsrque
609 3561 671 3593 nour
688 3542 726 3593 dir
765 3544 855 3598 dentis
865 3543 998 3614 preditus,
1011 3557 1039 3597 et
1049 3543 1144 3596 eximis
1156 3543 1278 3596 felicitate

210 3623 274 3697 qu'r'l
282 3622 327 3688 srtt
337 3621 420 3691 obtgs
432 3620 464 3671 de
471 3621 539 3686 faire
557 3622 582 3670 ta
593 3639 681 3690 guerra
693 3621 725 3672 de
766 3642 828 3678 usus
839 3641 888 3694 per
902 3625 1029 3688 5111111101
1041 3620 1183 3674 adannum
1196 3641 1278 3692 usque

211 3702 367 3763 Mace'ddine,
377 3719 454 3772 parce
465 3699 529 3771 qu's'l
539 3703 726 3770 ›commiten-
766 3699 846 3754 Urbitt
860 3700 928 3766 539,
940 3699 973 3754 ab
984 3719 1054 3752 anno
1065 3699 1128 3752 inde
1141 3700 1206 3764 485,
1225 3718 1279 3771 quo

210 3783 309 3831 nerenir
319 3783 358 3835 sir
370 3779 433 3830 mille
448 3779 551 3830 hommes
566 3778 598 3828 de
609 3777 685 3849 pied,
702 3790 727 3829 st
767 3777 837 3844 dux,
847 3791 873 3832 et
885 3787 1068 3850 490,qtrorex
1079 3778 1162 3831 luerat
1172 3777 1278 3832 electus.

212 3861 266 3931 crisq
291 3870 356 3914 censs
379 3859 485 3909 cherane
511 3858 574 3929 qu'r'l
595 3861 667 3909 avait.
694 3861 727 3909 Ge
806 3875 829 3908 1.
843 3887 876 3896 --
889 3857 968 3908 Anno
979 3856 1130 3927 1111111479.

206 3939 303 4008 puisse,
317 3943 400 3987 madre
408 3935 538 4007 d'unpetit
549 3938 612 3997 ilat,
626 3934 687 3986 dont
695 3955 727 3988 on
804 3943 828 4000 6.
839 3935 958 3987 Gehne...
970 3947 1082 4007 tyranno.
1095 3935 1135 3986 Ab
1149 3953 1219 3987 anno
1227 3935 1279 3987 Ur·

213 4017 257 4067 a'a
262 4017 321 4088 phas
333 4015 437 4067 carenda
445 4015 528 4086 parler
536 4018 605 4085 apr-ds
615 4015 658 4077 lui,
671 4017 730 4066 ltar't
767 4014 808 4066 bis
833 4011 945 4066 conditis
968 4011 1031 4065 inde
1056 4017 1106 4081 269
1128 4011 1161 4065 sd
1182 4031 1282 4066 anuum

214 4113 246 4144 ren
255 4099 393 4158 aventurier,
403 4098 445 4166 qui
445 4094 729 4165 fairaitdesentoeprises
768 4111 851 4165 nsque
874 4094 942 4162 275,
965 4089 1077 4146 Diodor.
1100 4091 1160 4157 XI,
1185 4097 1280 4157 20-263

216 4173 384 4237 continuelles,
403 4193 478 4244 parre
501 4173 564 4244 qu's'l
582 4191 614 4224 ne
630 4176 731 4244 portarit
769 4190 885 4226 necnon
899 4171 941 4224 38.
