2967 4684
272 334 315 410 64
514 331 728 398 PROLOGI
750 332 1089 399 HISTORIARUM

535 488 788 546 PROLOGUS
808 489 935 544 LIBRI
957 488 1056 547 XXI.

246 660 258 693 ι
316 633 391 696 Uno
405 646 438 695 et
448 629 603 695 vicesimo
615 628 1087 696 voluminecontinenturhaec
1098 624 1161 690 :Ut
1172 627 1207 688 iu
1220 620 1330 689 Sicilia

245 734 443 823 sDionysius
458 731 562 815 filius,
578 749 670 823 patre
685 734 819 815 amisso,
832 734 980 797 tractavit
995 730 1181 821 imperium.
1194 728 1252 825 llt,
1270 748 1331 815 per

269 837 409 901 Dionem
421 827 558 915 ejectus,
574 824 698 901 bellum
712 858 789 901 cum
802 834 921 899 Siculis
935 830 1032 923 gessit
1045 858 1056 915 ς
1068 832 1190 913 donec,
1209 829 1331 895 amissis

268 938 379 1002 liberis
395 953 429 1001 et
445 936 618 1020 fratribus,
635 939 831 1005 Corinthum
852 937 1003 1001 secessit:
1020 952 1071 1017 ut,
1087 959 1106 999 a
1121 934 1331 999 Timoleonte

247 1037 583 1127 ·Carthaginiensium
611 1036 700 1105 bello
734 1042 775 1104 sit
801 1036 936 1105 liberata
963 1037 1071 1103 Sicilia
1096 1052 1331 1122 :mortuoque

266 1138 439 1204 Sosistrato
455 1141 576 1205 iterum
591 1140 675 1206 lacta
691 1142 869 1221 seditione,
885 1141 1028 1205 arcessiti
1047 1138 1090 1203 ad
1107 1134 1230 1203 bellum
1251 1139 1330 1201 Car-

139 1245 151 1265 ⁸
266 1240 484 1330 thnginienses
503 1242 705 1307 obsederunt
726 1244 900 1332 Syracusas
916 1264 925 1306 :
942 1263 1009 1331 quo
1028 1240 1115 1306 bello
1133 1238 1330 1329 Agathocles
1367 1295 1375 1311 ,

267 1359 381 1409 nactus
397 1345 571 1434 imperium
589 1359 644 1408 cst
1057 1354 1060 1359 '

529 1495 779 1553 PROLOGUS
800 1494 926 1550 LIBRI
945 1494 1063 1551 XXII.

241 1661 253 1695 1
312 1628 465 1693 Secundo
488 1644 521 1693 et
543 1628 697 1691 vicesimo
720 1625 887 1690 volumine
913 1626 1126 1691 continentur
1148 1624 1244 1691 haeo:
1266 1627 1330 1693 Res

266 1747 362 1819 gestae
385 1730 596 1819 Agathoclis:
616 1744 653 1791 ut
675 1751 695 1791 a
715 1728 823 1797 Poenis
845 1741 959 1790 nactus
984 1726 1179 1815 impen'um,
1202 1726 1330 1792 bellum

266 1853 343 1896 cum
362 1832 439 1919 ipsis
457 1831 569 1919 gessit,
585 1830 730 1919 primum
741 1830 775 1895 in
795 1828 920 1909 Sicilia3
932 1826 1052 1907 dehinc
1065 1828 1186 1911 victus,
1201 1831 1330 1912 trajecit

266 1932 300 1997 iu
310 1932 465 2014 Africam,
475 1932 551 2014 ubi,
560 1952 703 2021 possessa
714 1930 898 2020 provincia,
908 1930 1097 2019 Ophellam,
1110 1949 1220 2020 regem
1231 1933 1330 2019 Cyre-

238 2056 398 2117 snarum,
411 2034 585 2098 interfecit.
598 2033 643 2097 Ut
658 2057 770 2098 rursus
784 2034 817 2097 in
833 2032 977 2097 Siciliam
990 2054 1153 2117 reversus,
1168 2050 1330 2124 occupatu

264 2138 365 2202 totius
384 2137 498 2203 insulae
516 2128 760 2219 dominatione,
781 2157 885 2225 quum
906 2136 1088 2201 revertisset
1109 2136 1143 2200 in
1162 2136 1327 2217 Africam,

264 2241 386 2305 amissis
398 2240 518 2332 copiis,
529 2240 618 2305 solus
631 2239 709 2305 inde
722 2238 870 2329 profugit
886 2238 920 2302 in
936 2238 1079 2303 Siciliam
1092 2260 1099 2302 :
1111 2237 1267 2327 belloque
1278 2238 1328 2303 ibi

264 2345 435 2434 repetitus,
454 2359 487 2409 et
509 2367 586 2409 cum
606 2344 714 2409 Poenis
732 2365 846 2434 pacem
867 2343 1069 2432 composuit,
1087 2354 1120 2405 et
1136 2339 1340 2437 dissidentes·

263 2469 282 2510 a
297 2468 331 2512 se
347 2446 476 2512 Siculos
491 2446 643 2535 subjecit.

514 2613 768 2671 PROLOGUS
788 2614 918 2670 LIBRI
937 2614 1076 2669 XXIII.

237 2787 250 2821 ι
308 2752 421 2816 Tertio
437 2768 471 2818 et
485 2754 639 2819 vicesimo
655 2756 824 2820 volumine
840 2755 1051 2819 continentur
1065 2755 1161 2822 haec':
1178 2758 1223 2820 Ut
1239 2760 1325 2848 Aga·

264 2852 407 2934 thocles,
422 2852 547 2918 domita
561 2854 686 2937 Sicilia,
703 2856 829 2921 bellum
844 2857 878 2920 ln
895 2856 986 2921 ltalia
1006 2858 1139 2923 Bruttiis
1161 2860 1322 2927 intulerit.

237 2989 251 3023 s
265 2954 422 3042 Repetite
435 2954 513 3021 inde
523 2956 727 3022 Bruttiorum
739 2958 890 3048 origines.
904 2958 1066 3024 Omnibus
1079 2960 1236 3044 subactis,
1248 2984 1322 3045 rex,

236 3073 252 3125 3
263 3054 423 3121 seditione
434 3055 493 3121 filli
505 3057 692 3124 exheredati
702 3083 740 3124 ac
748 3060 877 3149 nepotis
888 3083 1076 3150 oppressus,
1088 3062 1221 3127 interiit.
1232 3062 1323 3129 Inter

244 3244 248 3252 ι
263 3159 453 3250 peregrinos
469 3159 588 3227 deinde
603 3161 722 3227 milites
741 3162 810 3244 ejus
826 3179 860 3227 et
879 3162 1006 3229 Siculos
1025 3162 1151 3229 bellum
1169 3180 1322 3229 motum:

298 3324 375 3379 XXI.
398 3348 422 3381 s.
446 3334 479 3380 Ut
490 3348 539 3399 per
555 3330 656 3379 Dionem
675 3330 772 3398 ejectio.
813 3328 976 3398 longemaeo
985 3346 1037 3400 pro
1049 3325 1184 3379 manifeste
1196 3336 1322 3394 corrupto

262 3407 306 3463 sic
328 3406 396 3459 bene
422 3406 536 3459 correxit
559 3406 720 3477 Bongarsius
747 3417 774 3458 et
813 3409 952 3469 Pisistrato,
976 3424 1007 3458 ex
1028 3404 1162 3467 Diodoro,
1185 3401 1272 3467 XIX,
1295 3402 1322 3456 3.

261 3484 362 3557 recepit
383 3484 492 3538 Modius
508 3503 559 3556 pro
579 3496 706 3556 comupto
725 3504 774 3555 per
812 3484 938 3539 haeoerea
952 3484 1104 3539 Gronovius
1119 3498 1182 3535 avus
1199 3480 1235 3533 itu
1248 3480 1321 3533 hunc

262 3562 771 3637 Dionysiusjecms.Exlectioneduorum
811 3560 900 3615 locum
912 3562 1198 3633 comminutumque
1217 3577 1267 3624 co,
1287 3560 1320 3613 ab
1405 3577 1410 3584 ·

262 3640 489 3712 codicumpen'nde
498 3645 586 3712 pectus
595 3642 772 3711 longos-unus
812 3645 938 3693 &sunam
945 3645 1027 3693 iterum
1034 3640 1108 3706 sacta
1116 3640 1232 3691 seditione
1240 3657 1320 3689 arces·

262 3720 403 3791 elicuitper
411 3724 511 3772 Dionem
520 3720 576 3772 liade
587 3722 687 3790 eiectus,
697 3717 771 3791 quod
811 3723 864 3784 siti,
881 3739 942 3773 cum
953 3718 1098 3772 Hannibale
1114 3718 1320 3787 Carthaginenses

261 3798 361 3869 recepit
370 3798 455 3851 Gron.
467 3830 501 3839 -—
514 3798 646 3851 matribus.
658 3802 711 3850 Aut
723 3816 772 3869 po·
812 3798 956 3851 obsederunt
971 3804 1109 3870 Symcmas.
1128 3798 1183 3850 Nec
1201 3797 1269 3849 mule
1290 3806 1320 3847 nt

262 3876 314 3927 tius
324 3874 415 3940 fratrs.
430 3906 464 3916 ·-
478 3880 578 3929 Secessit
589 3895 599 3928 .·
612 3888 641 3927 ut
654 3897 670 3927 a
690 3878 770 3927 Temo·
812 3878 889 3931 nobit
901 3876 1016 3931 videtur.

261 3953 348 4006 leonte.
359 3954 403 4007 Sic
412 3955 480 4009 bene
493 3955 606 4009 correxit
614 3956 771 4026 Bongmius
847 3954 940 4008 XXII.
966 3974 990 4008 ι.
1015 3952 1200 4024 sabjecmtbi
1222 3950 1320 4005 scilicet

261 4044 416 4104 corruptum
426 4037 505 4085 sturm
523 4035 625 4086 cleonte.
642 4064 676 4073 -
695 4036 771 4085 Sosis·
812 4033 931 4105 subjecit.
953 4034 1029 4089 Unus
1050 4032 1134 4087 codex
1156 4050 1212 4087 non
1231 4030 1320 4101 Inepte

262 4121 333 4165 nuto.
347 4110 406 4165 Hoc
420 4130 520 4165 nomeu
536 4112 571 4166 in
589 4112 691 4167 conexi
711 4130 772 4182 cnm
812 4115 889 4183 ejecit.
