2967 4684
414 374 792 445 IUSTORIARUM
817 376 976 445 LIBER
1001 375 1067 444 IX.
1198 370 1267 445 213

204 508 401 590 utrumque
419 496 569 589 gratiam
587 519 767 591 quaerere,
785 496 945 568 solennis
963 495 1013 567 illi
1031 496 1267 598 consuetudo.

204 609 304 675 Inter
324 603 400 673 haec
420 603 627 701 eloquentia
644 608 814 703 insignis,
832 610 948 679 oratio
967 610 1142 679 acuminis
1159 623 1195 679 et
1211 633 1268 679 so·
1284 633 1316 668 ιο

205 712 313 785 lertiae
331 714 458 811 plena3
472 730 514 785 ut
532 738 601 785 nec
617 717 763 787 ornatui
780 715 945 803 facilitas,
957 742 1027 788 nec
1040 714 1199 787 facilitati
1213 720 1268 787 in-

205 828 423 913 ventiO,nec
433 827 638 897 inventioni
648 825 786 898 deesset
797 842 956 898 ornatus.
967 829 1060 898 Huic
1069 826 1269 898 Alexander
1282 854 1313 891 u

205 933 300 1008 filius
311 940 544 1025 successit,et
552 938 685 1017 ¹uirtute
696 954 732 1009 et
740 939 836 1010 vitiis
846 953 949 1035 patre
957 938 1081 1032 major.
1089 938 1269 1009 Vincendi

204 1049 295 1116 ratio
321 1044 467 1143 utrique
495 1046 644 1119 diversa.
671 1048 737 1118 Hic
767 1063 910 1146 aperte,
932 1048 991 1119 ille
1016 1047 1154 1119 artibus
1176 1048 1313 1120 bellan

204 1152 388 1226 tractabat.
414 1156 581 1254 Deceptis
606 1154 664 1225 ille
686 1156 841 1252 gaudere
863 1157 1048 1246 hostibus,
1069 1158 1128 1230 hie
1152 1158 1269 1258 palam

127 1290 138 1315 ¹
204 1261 300 1337 fusis.
316 1262 533 1336 Prudentior
551 1264 610 1335 ille
629 1265 804 1353 consilio,
819 1266 880 1337 hic
896 1269 1018 1338 animo
1033 1268 1267 1365 magnificen-
1282 1281 1314 1333 13

205 1376 283 1446 tior.
307 1381 400 1446 Iram
428 1390 531 1475 pater
556 1373 800 1463 dissimulare,
822 1376 1037 1475 plerumque
1059 1380 1164 1447 etiarn
1188 1380 1267 1448 vin·
1282 1398 1315 1455 ss

204 1508 285 1555 cere
302 1513 316 1565 :¹
330 1484 436 1573 huic,
455 1485 519 1555 ubi
545 1485 749 1572 exarsisset,
771 1510 840 1555 nec
865 1484 987 1557 dilatio
1011 1486 1176 1574 ultionis,
1193 1513 1267 1577 ¹nec

203 1592 334 1665 modus
347 1610 433 1666 erat.
448 1596 532 1665 Vini
550 1596 657 1666 nimis
675 1609 829 1693 uterque
845 1595 990 1667 avidus:
1006 1595 1070 1667 sed
1085 1596 1267 1670 ebrietatis
1281 1609 1313 1665 st

205 1700 342 1775 diversa
353 1706 447 1775 vitia.
461 1709 565 1776 Pater
577 1704 622 1777 de
636 1707 805 1778 convivio
822 1707 860 1777 in
877 1705 1019 1778 hostem
1037 1732 1268 1807 procurrere,

240 1906 281 1941 ro.
295 1896 364 1941 luter
374 1890 425 1942 desc
436 1903 486 1945 etc.
502 1893 543 1944 Ita
556 1892 629 1945 hunc
642 1894 666 1961 S.
683 1910 716 1946 ex
756 1906 846 1965 aperte
861 1896 1000 1951 blandiens
1012 1899 1170 1951 teterrimam
1185 1900 1268 1969 μή.

203 1964 297 2033 June,
320 1967 382 2020 Ald.
406 1967 469 2021 dedi
492 1988 553 2023 cum
576 1970 664 2023 Oxon.
689 1984 716 2025 et
756 1971 826 2027 diam
848 1974 1046 2043 dissimulabat,
1069 1978 1099 2030 in
1125 1978 1266 2032 Thebanos

204 2042 318 2111 Graevio,
323 2048 439 2118 quumin
445 2048 518 2119 vulg.
526 2048 559 2100 sit
567 2065 573 2101 :
582 2048 715 2121 eloquentia
755 2051 871 2124 aliosque
881 2056 1003 2109 serviebat
1011 2056 1081 2126 (cap.
1092 2063 1122 2117 ἧς
1134 2055 1222 2120 VIII,
1233 2057 1264 2120 53

203 2134 227 2173 et
235 2126 365 2194 insignis...
378 2126 547 2192 necsacilitati
556 2131 714 2179 inventionum
755 2128 846 2195 vm,
859 2132 891 2198 3,
905 2135 962 2202 1-5)
969 2172 978 2199 ,
989 2132 1167 2186 immodeste„
1178 2133 1264 2205 impe.

202 2200 293 2253 deesset
310 2216 417 2256 omatus.
439 2205 565 2259 protem
584 2206 712 2277 probante
753 2208 831 2261 rendi
842 2210 946 2265 libidini
960 2212 1085 2265 vilissime
1100 2212 1265 2263 inserviens?

203 2279 310 2332 Grserio
321 2300 408 2353 recep.
423 2285 552 2337 mventioni
568 2300 617 2353 pro
631 2286 712 2335 inven-
752 2288 839 2359 Atque
849 2289 929 2359 hujus
937 2290 1053 2343 hominis
1065 2307 1164 2352 morea,
1174 2289 1264 2360 quales

203 2358 320 2435 Quibus,
336 2380 416 2431 quum
429 2364 463 2415 sit
476 2360 548 2434 apud
560 2361 656 2415 Sarisb.
670 2361 711 2428 V,
751 2364 810 2435 ipse
826 2366 922 2419 Noster
935 2371 960 2434 S.
980 2386 1027 2437 7·9
1039 2366 1180 2429 describit,
1196 2384 1263 2417 con·

204 2452 251 2501 sa,
263 2439 412 2503 beatioris,
425 2453 451 2493 et
459 2440 598 2512 singularis
606 2439 650 2492 ille
659 2458 711 2493 me·
752 2442 960 2515 templans,quis
969 2462 1093 2497 noncnm
1101 2443 1210 2495 Horatio
1218 2461 1267 2495 se-

201 2512 254 2566 lius
264 2517 418 2588 respondeat
429 2516 587 2590 precedenti
600 2522 706 2584 ornanti,
753 2520 874 2573 clamabit
886 2521 990 2577 cuivis?

199 2591 322 2652 facilitati.

238 2690 278 2725 rr.
290 2676 353 2724 Ηυίσ
362 2674 503 2727 Alexander
510 2687 560 2727 etc.
571 2676 605 2727 In
616 2674 713 2728 utrius-

201 2766 253 2819 que
266 2764 292 2802 et
305 2752 386 2821 patris
400 2765 427 2805 et
446 2752 493 2804 filii
513 2753 631 2806 moribus
643 2752 712 2807 inter
752 2746 785 2799 In
797 2746 948 2800 Alexandro
960 2759 1066 2811 contra,
1076 2764 1130 2798 non
1139 2744 1227 2797 minus
1235 2757 1263 2799 et

202 2845 228 2878 se
246 2830 417 2899 comparatis,
431 2850 485 2883 non
499 2832 583 2901 magis
595 2832 708 2897 Nostro,
751 2824 780 2877 in
803 2826 920 2880 civitates
939 2826 1073 2878 universas
1096 2836 1123 2875 et
1141 2822 1262 2877 homines

202 2923 279 2975 quam
291 2907 412 2960 Ciceroni
424 2908 489 2975 (Off.
505 2909 533 2972 1,
545 2912 593 2974 26,
613 2909 646 2976 3)
663 2907 710 2961 ad·
752 2901 1261 2974 tinguunamicostamilianssimosse

201 2984 306 3037 sentior.
326 2986 419 3038 Cicero
439 2985 509 3038 enim
531 3002 538 3037 z
557 2986 707 3059 Plsr'liopum,
750 2979 1261 3053 viente,perpendendumesthocinpri-

199 3059 300 3133 iuquit,
312 3064 382 3115 rebus
395 3066 469 3133 gestis
482 3075 506 3114 et
518 3066 599 3135 glorio
611 3084 709 3136 supera-
750 3060 813 3126 mla,
823 3060 896 3131 quod
911 3061 1004 3112 Cicero
1017 3057 1136 3130 precipit
1153 3058 1208 3111 Ofl'.
1229 3060 1260 3125 1,

200 3148 249 3190 tum
261 3141 334 3193 ntideo
346 3162 363 3193 a
371 3140 443 3211 filio,-
452 3140 574 3207 facilitate
586 3152 611 3193 et
624 3142 708 3192 ituma·
750 3137 783 3202 8,
796 3156 813 3205 9
832 3155 839 3189 τ
856 3145 887 3189 In
904 3141 969 3189 omni
987 3140 1103 3207 injustitia
1115 3138 1260 3207 permultum

200 3220 274 3269 atate
275 3220 353 3285 fuisse
362 3224 510 3292 superiorem.
520 3221 615 3273 Nonne
622 3230 708 3272 autem
750 3218 859 3280 ΨΜ,
881 3226 959 3267 utrum
975 3214 1153 3286 perturbettbne
1177 3216 1259 3287 aliqua

199 3299 283 3369 major
298 3298 380 3369 gloria
398 3311 436 3351 est
454 3316 567 3369 regnum
583 3296 707 3349 Macedo·
749 3297 836 3356 ment,
852 3294 1051 3367 qeoeplemmqne
1063 3292 1137 3344 imis
1148 3295 1260 3343 esteead

198 3392 263 3427 num
276 3375 441 3429 debilitatum
454 3389 481 3429 et
496 3396 509 3428 a
525 3387 565 3429 tot
577 3375 707 3447 mutisque
749 3381 851 3443 tempus,
870 3391 904 3422 ars
926 3371 1033 3422 consulto
1049 3382 1075 3421 et
1091 3374 1195 3438 cogitato
1207 3368 1260 3438 fiat

198 3452 317 3508 hostibus
329 3456 475 3509 lacessitum
489 3456 536 3525 (7,
551 3457 583 3524 6)
596 3472 651 3506 non
663 3472 705 3507 so·
747 3451 836 3520 injuria
849 3468 858 3501 .·
871 3450 958 3499 lerion
981 3452 1042 3499 enlm
1059 3459 1129 3509 sunt,
1146 3466 1199 3518 quoe
1217 3467 1257 3498 re·

197 3530 253 3583 lum
262 3531 396 3585 vindicare
404 3570 412 3597 ,
419 3524 465 3584 sed
475 3532 538 3584 huic
548 3532 627 3585 etiam
636 3532 707 3585 Gre-
740 3530 843 3597 pertico
851 3527 932 3599 atquo
939 3538 1003 3577 motu
1011 3525 1131 3588 accidant,
1138 3544 1209 3595 qnam
1216 3544 1254 3589 ea,

197 3609 244 3661 cite
254 3610 395 3682 imperium
408 3608 540 3672 adserere,
553 3627 633 3682 quesn
644 3626 705 3680 reg·
746 3624 800 3677 qaue
813 3605 927 3657 meditate
935 3617 961 3655 et
963 3613 1101 3675 preparata
1111 3603 1254 3668 irascerentur.

196 3705 261 3739 num
285 3688 317 3741 ad
339 3690 392 3741 boc
414 3689 547 3761 fastigium
567 3700 704 3756 erectum,
783 3704 825 3738 ss.
840 3689 935 3755 Aperte.
948 3680 1086 3735 Editiones
1102 3682 1216 3752 antiquae
1228 3696 1255 3737 et

195 3765 274 3819 tantis
283 3765 395 3821 ducibus
403 3778 529 3838 tantoque
538 3767 653 3821 exercitu
662 3766 706 3819 fir·
745 3763 868 3816 nonnulli
880 3760 958 3815 codd.
973 3770 1056 3830 aperte
1068 3763 1109 3823 ei,
1122 3758 1194 3831 quod
1204 3780 1254 3832 ap-

195 3858 296 3899 matum
330 3846 417 3910 tueri,
443 3846 575 3917 hujusque
605 3844 705 3898 viribus
744 3844 840 3896 tiorem
855 3842 951 3893 fos-urat
968 3838 1116 3890 antithesin.
1133 3870 1167 3879 -
1183 3845 1252 3892 Arri.

195 3936 313 3977 eves-tem
331 3924 467 3977 Persarum
480 3922 637 3994 imperium,
648 3924 704 3995 jam
745 3922 797 3974 bus.
816 3920 849 3973 Id
866 3931 920 3985 est,
940 3917 1178 3987 strategematibus,
1197 3938 1253 3991 qno

190 4000 282 4073 ipsum
295 4000 464 4066 dissolutum,
477 4001 558 4072 inque
571 4018 648 4053 suum
660 4002 702 4072 ip·
743 4018 821 4055 sensu
839 3998 897 4063 XI,
916 4002 946 4064 6,
968 3996 1001 4061 8,
1016 3996 1108 4061 startia
1125 3997 1253 4062 victorias

195 4080 247 4132 sius
259 4081 369 4133 exitium
382 4079 478 4132 ruens?
489 4079 556 4145 Quas
568 4091 608 4131 est
621 4098 702 4151 porro
742 4080 837 4132 eollsto
850 4096 929 4149 supra
940 4074 1024 4149 capite
1034 4094 1067 4142 a,
1078 4075 1120 4139 ti·
1128 4104 1163 4130 ·-.·
1173 4075 1253 4130 Anno

195 4156 342 4215 humanitas
353 4172 380 4213 et
392 4158 499 4213 facilitas
512 4158 702 4233 Philippi,qu
742 4158 822 4214 Urbis
831 4156 958 4226 Itllutio.

754 2642 1245 2695 .·.llieni⁸erest;bsnstn,6smee,earetet
