2967 4684
298 369 386 448 xvin
658 374 985 445 TESTIMONIA

297 487 621 588 misi.QuemMSS.
632 488 840 581 lectionem,
851 489 1350 593 etiamBongarsiusretinnit.

295 597 366 674 Sed
381 598 471 672 nihil
489 597 733 690 manifestius,
752 625 861 699 quam
878 623 953 672 non
970 598 1022 672 ita
1038 601 1217 700 scripsisse
1233 598 1353 673 Justi-

295 737 410 784 num:
431 733 497 780 nec
515 707 613 780 enim
635 735 701 780 rrn
725 723 763 781 et
784 735 881 780 ulcis
898 706 982 781 satis
999 709 1232 785 conveniunt.
1252 708 1353 807 Quid

294 815 410 920 ergo?
428 815 529 890 Num
546 817 708 892 dicemus
726 843 823 890 uren
841 830 1013 916 tauquam
1031 820 1253 917 superfluum
1270 817 1351 891 tolli

293 925 488 1027 oportere?
506 942 612 1030 atque
632 955 707 1002 non
721 927 866 1005 ridetur
882 925 928 998 de
945 927 1059 1000 nihilo
1078 954 1152 1001 esse
1161 982 1174 1019 ,
1193 927 1292 1028 quod
1310 927 1351 1000 in

292 1037 439 1136 optimis
460 1037 559 1112 libris
585 1036 731 1140 legitur.
758 1038 879 1135 Quare
898 1052 1011 1135 puto,
1034 1035 1209 1135 scriptum
1228 1035 1352 1133 primo

288 1149 419 1239 fuisse,
438 1147 535 1248 quod
543 1203 556 1240 ,
576 1151 756 1222 Antonine
782 1153 843 1219 im.
864 1173 936 1220 non
958 1146 1192 1245 cognoscendi
1210 1152 1351 1243 magis,

289 1285 399 1362 qnam
410 1257 625 1362 enrendondr'
641 1283 788 1348 caussa,
804 1262 995 1332 transmisi.
1015 1257 1160 1354 Nempe
1174 1283 1219 1328 ex
1231 1257 1352 1327 Anto-

288 1373 371 1441 nine
388 1373 449 1440 im.
471 1368 634 1442 fecenmt
650 1367 704 1441 nd
718 1383 752 1440 te
766 1393 850 1439 non.
870 1369 923 1440 At
936 1367 1020 1467 quia
1033 1366 1083 1440 sic
1094 1393 1166 1438 non
1183 1365 1350 1466 gemina-

286 1477 415 1571 batur,
436 1477 571 1551 librarii
597 1478 693 1550 hunc
713 1503 876 1550 errorem
894 1476 1162 1568 existimantes,
1189 1476 1346 1549 alterum

193 1642 199 1664 t
286 1587 454 1662 omisere.
470 1588 514 1660 Et
526 1611 609 1659 sane
621 1585 807 1660 Justinum
816 1586 986 1659 huncsub
994 1586 1185 1660 Antonino
1195 1585 1344 1678 vixisse,

283 1711 368 1768 ante
386 1696 557 1769 saeculum
572 1695 759 1794 Phiiippus
769 1698 984 1795 Bergomas,
1005 1711 1069 1768 ¹nc
1086 1696 1195 1769 Joan.
1214 1696 1346 1770 Aven-

282 1805 588 1902 tinus¹tradidere
603 1835 611 1875 ε
628 1804 743 1877 immo
754 1805 853 1878 idem
856 1806 936 1903 jam
945 1819 1030 1878 ante
1041 1832 1153 1880 annos
1164 1820 1344 1881 trecentos

283 1917 322 1988 iu
340 1915 510 1989 chronico
536 1941 601 1988 suo
625 1941 691 1988 suo
714 1915 856 2013 scripsit
877 1915 1057 1989 Martinus
1080 1915 1260 1988 Polonus:
1280 1918 1344 1990 sed

282 2027 382 2126 quod
393 2024 490 2100 idem
507 2025 530 2096 J
532 2024 692 2098 ustinum
710 2025 805 2098 hunc
820 2050 905 2108 cum
922 2026 1066 2098 Justino
1083 2041 1243 2126 martyre
1259 2052 1345 2100 con·

280 2136 398 2227 fudit,
432 2134 549 2210 foedus
580 2160 682 2208 error
715 2149 791 2226 est,
825 2161 940 2233 quum
969 2133 1027 2208 hic
1057 2135 1121 2233 qui
1155 2135 1341 2232 epitomen

280 2245 444 2345 scripsit,
463 2246 502 2320 in
519 2246 585 2338 iis,
606 2272 686 2345 quae
699 2244 764 2318 lib.
780 2246 945 2318 XXXVI
956 2244 1002 2317 de
1014 2246 1139 2336 Mose,
1158 2247 1339 2345 Josepho,

280 2371 317 2430 et
329 2357 494 2430 Israelitis
511 2355 645 2448 tradit,
665 2355 771 2455 plane
791 2355 976 2454 scripturis
992 2357 1223 2431 adversetur:
1243 2357 1341 2428 unde

278 2467 393 2568 liquet
406 2467 512 2540 fuisse
531 2466 704 2568 gentilem
722 2497 732 2538 ε
749 2481 944 2566 aperteque
955 2466 1056 2540 inter
1074 2491 1135 2540 eos
1146 2467 1191 2540 nb
1208 2464 1340 2538 Orosio

279 2589 493 2648 numeratur
507 2602 515 2644 :
530 2575 685 2647 utdeeo
698 2575 790 2646 nibil
801 2576 938 2666 dicam,
951 2577 1051 2674 quod
1060 2577 1185 2648 beatus
1197 2577 1340 2675 Martyr

278 2685 369 2756 nihil
384 2682 512 2756 Latine
535 2683 714 2778 scripsisse
733 2681 901 2755 videtur:
922 2684 1011 2754 item
1026 2684 1125 2782 quod
1141 2685 1336 2777 Eusebius,

278 2794 549 2892 Hieronymus,
568 2789 717 2864 Photius
735 2815 914 2889 nusquam
932 2791 1022 2864 hanc
1040 2791 1225 2890 epitomen
1242 2792 1338 2866 inter

260 2981 262 2986 ,
277 2902 450 3002 Martyris
466 2900 561 2974 illius
574 2899 707 2997 scripta
717 2913 914 2996 reponunt.
932 2899 1010 2972 Nec
1023 2914 1145 2972 tamen
1154 2928 1200 2974 ea
1212 2901 1337 3002 ignota
1467 2913 1468 2936 ¹

276 3013 347 3087 fuit
363 3014 406 3084 B.
427 3011 677 3111 Hieronymo,
696 3007 760 3110 qui
787 3008 882 3081 illius
901 3007 1070 3082 meminit
1089 3011 1270 3107 prooemio
1295 3011 1336 3084 in

276 3123 494 3198 Danielem:
514 3121 569 3194 uti
593 3146 736 3221 quoque
762 3119 986 3221 Augustinus
1009 3118 1092 3192 lacit
1109 3118 1202 3193 libro
1219 3122 1272 3194 lv
1288 3121 1334 3194 de

277 3233 431 3312 Civitate
454 3231 545 3322 Dei,
568 3230 684 3328 capite
710 3231 734 3304 6
741 3261 755 3321 3
784 3243 822 3301 et
850 3229 1001 3303 Orosius
1020 3229 1084 3302 lib.
1107 3232 1123 3301 l
1135 3285 1148 3322 ,
1175 3232 1334 3330 capite&

276 3359 315 3418 et
336 3367 399 3434 ro;
419 3341 482 3444 qui
506 3355 542 3415 et
567 3339 754 3414 Justinum
771 3339 908 3437 passim¹
931 3339 1110 3414 exscribit.
1141 3342 1227 3413 Post
1243 3368 1334 3443 quos

276 3455 437 3554 ejusdem
457 3450 681 3525 mentionem
698 3449 832 3540 fecere,
850 3449 1036 3542 lsodorus,
1055 3451 1276 3543 Jornandes,
1296 3467 1333 3526 et

275 3563 476 3641 aliiAEtiam
486 3587 568 3664 quae
578 3563 715 3659 LupuS,
727 3558 961 3632 Ferrariensis
972 3559 1093 3649 abbas,
1104 3559 1217 3657 Epist.
1229 3562 1332 3652 noed

276 3675 470 3748 Altuinum
489 3700 533 3748 ex
546 3673 670 3774 Trogo
681 3669 864 3770 -Pompeio
881 3669 966 3742 citat
983 3668 1027 3741 de
1040 3668 1083 3740 iis
1099 3669 1163 3769 qui
1180 3670 1331 3743 Mithri-

276 3782 368 3858 datis
395 3783 642 3858 excellentiam
667 3780 918 3880 portenderint
940 3779 1034 3877 apud
1056 3779 1239 3852 Justinum
1252 3781 1331 3872 ,nd

276 3895 428 3972 verbum
454 3923 498 3968 ex
521 3893 654 3999 Justini
681 3891 747 3964 lib.
766 3891 944 3964 XXXVI.
972 3888 1043 3962 Sed
1064 3889 1161 3988 apud
1181 3892 1329 3987 Lupum

197 4133 200 4139 ¹
312 4071 426 4144 'Suppl
439 4071 466 4123 in
480 4071 642 4142 temporibus
655 4065 782 4121 Antonini
858 4061 1330 4135 'lniisqure'descriptoribnsprime

275 4147 552 4220 Pii,tth.v111.1n.
823 4143 953 4196 annalium
964 4142 1106 4212 premittit.
1125 4159 1170 4194 nn.
1227 4147 1232 4157 '
