2967 4684
398 382 958 457 nrsromrnourmann
983 392 1061 460 xv.
1187 392 1256 489 295

196 499 320 603 ibique
340 506 491 600 geminae
512 505 661 600 originis
680 507 890 579 memoriam
914 513 1146 583 consecravit.
1165 518 1285 587 Nema

114 650 118 657 ’
195 630 232 687 et
248 612 379 686 urbem
394 638 438 684 ex
454 612 628 687 Antiochi
644 617 755 711 patris
773 614 922 691 nomine
941 621 1169 695 Antiochiam
1184 651 1257 697 vo-

197 728 309 815 cavit3
322 739 360 797 et
373 728 520 823 campos'
533 726 673 797 vicinos
684 725 767 797 urbi
781 728 936 825 Apollini
948 732 1089 806 dicavit.
1099 738 1256 833 Originis
1270 766 1286 817 9

196 838 272 932 ejus
288 851 541 934 argumentum
558 837 664 909 etiam
681 838 720 907 in
738 841 890 935 posteris
905 846 1061 915 mansit:
1080 846 1258 943 siquidem

196 946 262 1019 filii
273 962 496 1046 nepotesque
509 947 602 1043 ejus,
612 970 785 1017 ancoram
796 950 832 1017 in
848 946 1000 1039 femore,
1011 954 1120 1025 veluti
1132 971 1258 1028 notam

197 1060 339 1155 generis
361 1058 581 1145 naturalem,
599 1054 772 1129 habuere.
795 1057 907 1129 Multa
931 1062 969 1133 in
991 1064 1155 1155 Oriente,
1176 1080 1260 1163 post
1272 1094 1305 1131 ιο

198 1167 411 1243 divisionem
426 1170 523 1241 inter
535 1169 653 1240 socios
665 1168 769 1265 regni
782 1165 1023 1258 Macedonici,
1034 1170 1128 1244 bella
1141 1176 1257 1272 gessit.

197 1281 380 1379 Principio
401 1277 638 1375 Babyloniam
658 1280 779 1375 cepit;
804 1277 887 1349 inde
910 1282 1024 1351 auctis
1044 1306 1090 1353 ex
1109 1287 1260 1357 victoria
1272 1316 1302 1352 u

196 1392 349 1479 viribus,
364 1391 572 1461 Bactrianos
589 1390 817 1487 expugnavit.
835 1392 1040 1463 Transitum
1064 1390 1195 1465 deinde
1218 1398 1258 1467 in
1273 1430 1303 1465 ιι

196 1502 338 1575 Indiam
351 1500 453 1589 fecit,
465 1524 546 1597 quae
558 1513 646 1598 post
661 1513 817 1571 mortem
832 1498 1042 1589 Alexandri,
1055 1500 1165 1573 veluti
1182 1528 1259 1575 cer·

196 1611 337 1685 vicibus
352 1614 440 1709 jugo
462 1613 640 1683 servitutis
660 1634 834 1696 excusso,
851 1608 1038 1709 praefectos
1060 1614 1137 1709 ejus
1163 1618 1260 1687 occi-

119 1771 123 1778 ·
197 1721 309 1795 derat.
325 1730 460 1796 Auctor
477 1720 651 1795 libertatis
668 1721 928 1797 Sandroconus
944 1721 1081 1795 luerat:
1097 1724 1161 1797 sed
1178 1726 1305 1797 tito-13

196 1832 272 1905 lum
290 1833 465 1909 libertatis
481 1848 564 1933 post
581 1834 770 1909 victoriam
792 1835 832 1903 in
854 1837 1062 1908 servitutem
1079 1851 1260 1908 verterat:

198 1945 375 2043 siquidem
389 1961 566 2044 occupato
579 1970 712 2043 regno,
725 1944 919 2045 populum.
931 1972 1040 2045 quern
1052 1946 1098 2019 ab
1111 1963 1260 2019 externa
1274 1962 1307 2019 tt

199 2054 446 2125 dominatione
477 2054 745 2142 vindicaverat,
774 2058 850 2155 ipse
883 2061 1027 2129 servitio
1064 2058 1259 2157 premebat

197 2166 279 2235 Fuit
298 2162 359 2235 hic
383 2164 530 2260 quidem
553 2163 682 2235 humili
702 2190 835 2260 genere
858 2180 983 2255 natus,
1006 2168 1069 2239 sed
1090 2168 1136 2239 ad
1158 2170 1261 2264 regni
1275 2177 1307 2228 ¹5

198 2282 413 2367 potestatem
424 2272 607 2365 majestate
619 2273 781 2341 numinis
794 2271 980 2369 impulsus.
991 2274 1135 2371 Quippe
1149 2298 1262 2371 quum
1276 2291 1308 2341 se

200 2380 418 2477 procacitate
443 2404 507 2451 sua
536 2378 781 2451 Alexandrum
806 2406 926 2481 regem
956 2380 1186 2470 offendisset,
1207 2384 1264 2451 in-

200 2486 317 2562 terfici
333 2514 356 2561 a
370 2514 454 2588 rege
467 2492 589 2587 jussus
605 2489 757 2563 salutem
775 2490 908 2588 pedum
922 2490 1102 2563 celeritate
1120 2492 1264 2588 quaesie-

198 2615 265 2675 rat.
281 2606 334 2673 Ex
354 2626 426 2701 qua
441 2599 670 2699 fatigatione,
686 2626 801 2698 quum
819 2626 951 2672 somno
969 2616 1096 2699 captus
1109 2602 1263 2697 jaceret,
1277 2634 1309 2686 ¹7

199 2714 258 2787 leo
270 2716 428 2813 ingentis
444 2711 570 2787 lormae
584 2713 631 2786 ad
644 2713 886 2785 dormientem
903 2712 1069 2795 accessit,
1084 2710 1264 2783 sudorem·

200 2851 273 2923 que
284 2826 528 2925 profluentem
543 2825 666 2923 lingua
678 2826 712 2895 ei
724 2820 1263 2921 detersit‚¹expergelactumque

200 2934 335 3006 blande
351 2936 506 3035 rehquit.
519 2942 599 3007 Hoc
615 2933 782 3035 prodigio
801 2938 960 3033 primum
976 2932 1022 3005 ad
1040 2958 1140 3032 spem
1160 2935 1263 3032 regni
1277 2948 1310 3002 ιε

202 3044 396 3142 impulsus,
415 3050 611 3118 contractis
630 3044 852 3133 latronibus,
868 3044 982 3116 Indos
999 3041 1046 3114 ad
1066 3046 1261 3115 novitatem

202 3157 304 3250 regni
336 3154 533 3228 solicitavit.
564 3156 731 3226 Molienti
761 3154 894 3226 deinde
925 3152 1062 3226 bellum
1094 3152 1264 3224 adversus
1278 3187 1310 3238 19

203 3264 392 3365 prefectos
406 3265 597 3338 Alexandri
611 3264 827 3365 elephantus
845 3263 942 3335 serus
958 3260 1110 3334 infinitae
1125 3264 1264 3359 magni-

204 3377 341 3451 tudinis
350 3375 822 3467 ultroseohtulit,et,veluti
831 3376 966 3447 domita
975 3374 1265 3461 mansuetudine,

240 3613 714 3687 11.1tabylontm..·.raeotanos.ttee
790 3630 832 3681 ¹9·
847 3612 943 3662 Denda
958 3609 1146 3662 mouendae.
1166 3610 1266 3665 Mirum

203 3711 260 3748 non
273 3692 403 3758 Mediam,
413 3692 711 3767 Assyriam,Susiaoam.
754 3690 908 3761 epitheton,
923 3698 952 3740 ut
970 3690 1005 3740 ait
1021 3686 1179 3741 Schellerus.
1194 3689 1266 3741 Num

206 3770 285 3825 Diod.
300 3770 383 3835 xlx,
397 3788 456 3825 ror.
755 3769 827 3821 enim
840 3765 1013 3819 mansuetudo
1028 3766 1107 3817 etiam
1119 3764 1267 3819 indomita?

242 3852 419 3905 aaronem
425 3852 501 3920 regni.
508 3850 714 3919 Meritosnrpee-
755 3846 881 3917 Suspicor
889 3844 1024 3915 scripsisse
1036 3844 1163 3897 Nostrum
1173 3864 1180 3895 z
1190 3846 1266 3897 domi-

206 3940 263 3981 tum
273 3941 312 3980 est
321 3928 457 3981 Scheisem
465 3928 622 3980 vocabulum
632 3929 714 3996 regni,¹
756 3938 794 3977 tus
803 3946 820 3976 a
830 3922 1018 3975 mansuetudine.
1027 3926 1171 3996 -Durque
1181 3924 1265 3978 belli...

205 4024 261 4078 qno
272 4004 360 4059 deleto
369 4004 499 4060 vocabulo
512 4004 614 4076 explica
622 4008 715 4056 norin-
750 4004 811 4071 fuit.
830 4006 871 4056 De
887 4003 1087 4075 elephantorum
1104 4014 1159 4055 arte
1171 4004 1267 4057 bellica

208 4096 252 4134 rem
266 4102 315 4155 per
328 4103 450 4137 novarros
463 4082 715 4157 (moliendaa);ooll.
756 4080 865 4138 videndi
878 4082 946 4135 Plin.
957 4080 1045 4147 Vnt,
1058 4098 1088 4153 73
1102 4080 1220 4135 AElianur
1232 4081 1267 4137 de

209 4160 309 4229 xxll,
320 4164 354 4228 6,
369 4178 412 4214 aa.
757 4160 870 4216 Animal.
885 4158 1229 4227 v11,26;xt11,22.1n.
