2967 4684
245 343 317 415 386
671 343 691 408 J
703 340 883 408 USTINI

201 501 234 541 ιο
245 467 425 541 Adversus
447 485 690 560 quemquam
714 483 879 531 reversus
901 483 923 530 a
945 460 1083 532 Graecia
1105 459 1309 556 Antigonus

245 594 354 667 esset,
373 576 587 648 transitione
607 571 764 644 militum
787 570 995 652 destitutus,
1014 597 1169 670 regnum
1190 578 1310 645 Mace-

202 725 232 762 ιι
246 692 365 764 donia
390 711 476 760 cum
499 686 659 758 exercitu
683 683 824 754 amittit
848 683 963 780 Hujus
987 681 1084 756 fitius
1107 685 1312 758 Demetrius

246 827 338 904 puer
361 795 583 884 admodum,
606 793 758 866 absente
785 807 908 893 patre,
935 809 1100 892 reparato
1128 796 1311 885 exercitu,

246 939 325 986 non
339 910 456 983 solum
469 911 634 980 amissam
645 902 898 977 Macedoniam
910 907 1054 1004 recipit,
1065 930 1192 978 verum
1204 909 1312 979 etiam

202 1053 235 1090 n
246 1026 344 1124 Epiri
361 1047 477 1122 regno
496 1018 739 1094 Alexandrum
759 1017 897 1118 spoliat.
916 1021 1031 1090 Tanta
1051 1016 1108 1089 vel
1130 1017 1311 1091 mobilitas

246 1136 420 1223 militum,
433 1135 492 1206 vel
509 1131 666 1206 fortunae
684 1133 837 1202 varietas
851 1145 946 1219 erat,
961 1145 1003 1202 ut
1019 1133 1176 1202 vicissim
1192 1155 1312 1230 reges,

245 1273 349 1320 nunc
365 1245 525 1333 exsules,
543 1269 646 1316 nunc
662 1267 765 1341 reges
781 1241 1001 1315 viderentur.

219 1381 255 1422 ¹.
294 1365 357 1432 llI.
383 1361 497 1456 Igitur
520 1353 744 1444 Alexander,
770 1379 884 1453 quum
908 1354 1010 1426 exsul
1035 1354 1081 1427 ad
1106 1359 1313 1428 Acarnanas

247 1468 485 1569 confugisset,
498 1493 578 1540 non
594 1469 738 1539 minore
752 1469 981 1566 Epirotarum
995 1465 1190 1556 desiderio,
1203 1491 1314 1565 quam

220 1583 432 1658 ¹sociorum
458 1579 612 1668 auxilio,
634 1581 674 1648 in
702 1603 857 1677 regnum
886 1581 1095 1652 restituitur.
1122 1585 1190 1652 Per
1216 1579 1314 1652 idern

247 1709 408 1793 tempus,
422 1716 486 1764 rex
502 1695 729 1787 Cyrenarum
748 1696 839 1790 Agas
853 1691 1016 1764 decedit:
1029 1693 1092 1790 qui
1109 1706 1195 1763 ante
1211 1689 1314 1762 infir·

246 1809 426 1894 mitatem,
447 1804 646 1876 Berenicen
667 1804 816 1876 unicam
840 1801 971 1894 filiam,
988 1801 1033 1876 ad
1050 1802 1214 1874 linienda
1231 1827 1314 1874 cum

220 1917 443 1990 ³Ptolemaeo
455 1913 567 1987 fratre
579 1913 881 2006 certamina,lilio
893 1917 969 2013 ejus
979 1914 1234 2014 desponderat.
1246 1915 1315 1988 Sed

249 2043 335 2130 post
352 2044 508 2103 mortem
527 2032 637 2129 regis,
652 2043 769 2100 mater
785 2030 933 2127 virginis
953 2031 1122 2108 Arsinoe,
1139 2043 1182 2098 ut
1204 2028 1315 2098 invita

250 2165 290 2214 se
312 2157 542 2215 contractum
563 2143 837 2232 matrimonium
860 2144 1031 2234 solveret,
1050 2147 1163 2236 misit,
1183 2147 1246 2245 qui
1270 2145 1316 2217 ad

250 2255 398 2354 nuptias
407 2255 571 2354 virginis,
581 2279 809 2354 regnumque
820 2263 1064 2354 Cyrenarum,
1077 2260 1318 2347 Demetrium,

250 2361 401 2436 fratrem
412 2366 506 2464 regis
522 2367 710 2464 Antigoni,
724 2392 746 2438 a
758 2367 974 2441 Macedonia
990 2385 1238 2443 arcesserent:
1253 2371 1317 2469 qui

223 2484 290 2548 tet
305 2477 383 2574 ipse
400 2499 446 2549 ex
462 2475 538 2548 fitia
554 2478 735 2550 Ptolemaei
749 2497 960 2579 procreatus
976 2497 1061 2553 erat.
1077 2481 1147 2554 Sed
1165 2507 1232 2555 uec
1249 2489 1320 2555 De·

251 2591 404 2660 metrius
414 2613 555 2662 moram
565 2587 660 2662 fecit
670 2597 799 2691 Itaque
810 2617 942 2692 quum,
955 2595 1180 2668 secundante
1190 2607 1317 2686 vento,
1439 2649 1443 2659 .

255 2699 421 2772 celeriter
441 2705 603 2797 Cyrenas
625 2703 843 2793 advolasset,
859 2704 993 2779 fiducia
1016 2705 1319 2807 pulchritudinis,

253 2836 329 2909 qua
343 2814 451 2885 nimis
466 2813 609 2912 placem
624 2818 746 2888 socrui
763 2833 941 2915 coeperat,
956 2822 1076 2892 statim
1093 2845 1114 2892 a
1135 2819 1319 2918 principio

254 2921 452 3021 superbus,
463 2927 569 3024 regiae
582 2923 739 3018 familiae,
756 2929 1004 3030 militibusque
1024 2934 1208 3032 impotens
1222 2948 1320 3020 erat;

254 3033 487 3135 studiumque
504 3037 672 3137 placendi
684 3065 706 3112 a
718 3044 859 3141 virgine
874 3045 913 3115 in
932 3059 1085 3118 matrem
1105 3045 1318 3119 contulerat

256 3268 360 3323 Heleno
371 3271 476 3340 (XXV,
489 3273 515 3342 5,
530 3273 709 3347 amaedeo,
721 3299 766 3334 re·
807 3283 926 3358 Philippi
939 3285 1076 3360 cujusdam
1096 3309 1128 3344 ex
1147 3293 1272 3348 Bmenice
1286 3293 1321 3347 fi·

253 3349 337 3402 lotum
358 3369 415 3404 non
434 3351 555 3424 legerim.
576 3355 676 3411 Confer
697 3359 767 3414 int‘ra
806 3363 858 3416 lius
872 3365 1080 3440 Cyrenen,quu
1093 3369 1238 3439 defecerat,
1251 3375 1322 3428 reci·

255 3427 401 3495 XXVIII,
418 3450 449 3498 r,
465 3451 488 3486 r.
808 3443 861 3514 pia
871 3439 1004 3520 ductaque
1013 3465 1096 3501 uxore
1106 3449 1220 3522 Apama,
1230 3453 1323 3506 Antio·

292 3530 334 3564 ro.
350 3515 526 3569 Itoeuth'one...
537 3515 670 3573 dem.
682 3521 768 3576 Desti-
808 3521 852 3574 chi
861 3523 875 3574 1
883 3523 950 3592 filia,
960 3524 1050 3580 deficit
1060 3543 1074 3579 ι
1084 3527 1321 3585 Ptolemnol’hila·

843 3685 869 3738 3.
881 3688 991 3738 Annon.
1009 3687 1137 3760 Antigoni
1151 3689 1276 3756 (lunata,
1289 3701 1322 3744 ut

292 3770 335 3806 rr.
348 3757 490 3808 Mus.
503 3755 558 3821 Qui
573 3758 656 3829 patris
669 3757 767 3814 deinde
807 3765 941 3837 sequentia
963 3765 1125 3835 ost-dunt,
1145 3787 1233 3835 soror,
1254 3787 1322 3842 ergo

256 3847 390 3885 summor
405 3837 528 3906 regnarit
545 3836 671 3893 trs-sn.
686 3839 765 3894 Coos.
806 3843 935 3897 Demetrii
947 3843 1102 3899 Poliorcetes
1117 3846 1179 3900 filia.
1192 3879 1227 3888 -
1241 3851 1320 3916 out..

255 3906 326 3961 inin
338 3907 482 3978 XXVIII,
497 3933 525 3981 1,
540 3931 572 3981 1,
583 3929 611 3970 et
622 3935 681 3991 cap.
695 3920 726 3984 3,
738 3940 764 3989 9.
807 3933 867 3974 erat.
888 3923 1039 3979 Demetrius
1059 3926 1142 3997 igitur
1160 3926 1321 3980 Poliorcetes

291 3985 768 4070 111.a.Agu.Autpotiusltagm,ut
808 3999 881 4066 (rid.
904 4001 992 4072 ind),
1012 4005 1140 4077 Antigoni
1162 4007 1272 4061 Gonatat
1292 4020 1322 4061 et

255 4065 380 4120 scribitur
399 4069 472 4140 apud
493 4073 664 4148 Polymum,
683 4077 768 4132 Athe·
807 4077 888 4150 hujus
899 4082 1026 4136 Demetrii
1041 4096 1130 4156 pater,
1144 4103 1226 4158 gener
1234 4085 1323 4141 hietat

255 4161 343 4200 mm
355 4159 382 4200 et
397 4147 509 4206 Person.
523 4151 555 4219 1,
568 4157 602 4219 6,
615 4157 650 4209 8:
662 4155 710 4210 uhi
722 4157 768 4212 hio
807 4158 940 4214 Ptolemaei
950 4161 1126 4238 Philadelphi
