2967 4684
235 338 305 411 290
659 308 868 381 Jusrrm

205 454 318 508 ocum
343 435 490 509 Gracia.
519 435 635 506 Asiam
664 447 700 504 et
726 449 845 531 partes
872 433 1030 505 Orientis
1056 448 1293 531 occupaverat

234 550 456 645 Antigonus,
474 547 577 641 cujus
598 544 692 616 filius
714 546 934 629 Demetrius,
954 547 1070 642 prima
1092 543 1177 615 belli
1204 570 1292 616 con·

206 661 439 757 7gressione,
462 683 484 728 a
509 655 699 728 Psotemaeo
727 655 824 754 apud
850 653 1033 727 Gamalam
1058 656 1224 725 vincitur.
1248 660 1292 726 In

236 794 310 867 quo
323 770 445 867 praetio
459 768 574 863 major
586 765 766 837 Ptolemaei
778 764 1035 837 moderationis
1046 765 1173 863 gloria,
1183 791 1291 864 quarn

206 896 224 947 s
235 880 348 975 ipsius
359 880 533 965 victoriae,
545 874 614 947 suit
624 903 632 945 ε
644 875 822 973 siquidem
835 891 872 947 et
884 877 1019 947 amicos
1029 880 1200 948 Demetrii
1214 902 1291 949 non

235 988 353 1059 solum
376 1014 460 1061 cum
481 990 555 1059 suis
574 984 703 1074 rebus,
720 1010 847 1059 verum
869 988 975 1059 etiam
997 985 1125 1059 additis
1145 988 1293 1087 insuper

234 1099 466 1186 muneribus,
478 1097 628 1185 dirnisit3
639 1110 674 1167 et
686 1097 797 1196 ipsius
807 1097 980 1167 Demetrii
992 1096 1170 1193 privatum
1183 1122 1293 1167 omne

233 1211 516 1281 instrumentum
537 1232 579 1280 ac
601 1204 769 1277 familiam
791 1205 968 1295 reddidit,
988 1204 1129 1301 adjecto
1150 1205 1293 1279 honore

205 1320 430 1408 overborum
450 1348 458 1392 :
479 1350 496 1386 a
514 1324 599 1391 Non
623 1340 659 1387 se
685 1331 835 1416 propter
862 1315 1034 1417 praedam,
1056 1316 1119 1387 sed
1144 1332 1294 1415 propter
1356 1343 1362 1355 ‘

234 1430 445 1529 dignitatem
468 1430 577 1501 inisse
599 1424 751 1512 bellum,
767 1424 1014 1522 indignatum,
1029 1424 1129 1523 quod
1148 1428 1294 1523 Antigo-

234 1566 323 1631 nus,
337 1540 486 1613 devictis
499 1539 643 1609 diversae
659 1533 827 1607 factionis
841 1534 1012 1624 ducibus,
1025 1534 1122 1607 solus
1136 1560 1295 1607 eommu-

234 1654 293 1723 nis
305 1652 466 1723 victoriae
484 1649 627 1747 praemia
643 1647 918 1744 corripuisset.»

206 1799 220 1833 ι
282 1765 327 1831 11.
346 1764 443 1831 Dum
461 1758 540 1830 haec
558 1772 728 1856 agnuam,
743 1756 944 1829 Cassander
964 1754 1010 1827 ab
1030 1757 1220 1858 Apollonia
1239 1784 1295 1831 re·

234 1868 355 1951 diens,
368 1868 495 1944 incidit
506 1870 546 1939 in
562 1867 765 1956 Abderitas,
778 1869 841 1965 qui
854 1882 1005 1967 propter
1024 1894 1196 1942 ranarum
1216 1896 1295 1943 mu·

234 1979 403 2077 riumqne
416 1978 684 2051 multitudinem
699 1978 827 2050 relicto
841 1981 963 2077 patriae
977 1981 1075 2065 solo,
1087 1980 1190 2055 sedes
1203 2008 1296 2080 quae-

103 2156 107 2162 .
190 2089 366 2169 =2rebant
385 2118 394 2162 ε
414 2094 567 2180 veritus,
589 2114 636 2161 ne
661 2087 913 2162 Macedoniam
938 2106 1181 2189 occuparent,
1203 2090 1297 2165 facta

234 2202 403 2299 pactione
420 2203 458 2272 in
476 2204 683 2275 societatem
704 2226 768 2273 eos
786 2204 941 2301 recepit3
960 2226 1137 2301 agrosque
1154 2206 1198 2276 iis
1215 2206 1296 2276 ulti-

205 2338 315 2393 amos
323 2313 544 2385 Macedoniae
555 2312 727 2410 adsignat
736 2312 889 2398 Deinde,
898 2337 945 2383 ne
956 2313 1140 2402 Hercules,
1149 2314 1296 2386 Alexan·

235 2421 291 2495 dri
313 2422 428 2515 filius,
447 2428 510 2523 qui
535 2423 609 2496 sere
636 2448 755 2495 annos
781 2421 1056 2521 quatuordecim
1079 2439 1298 2513 excesserat,

234 2530 357 2605 favore
374 2538 518 2633 paterni
534 2536 693 2607 nominis
712 2537 752 2604 in
772 2558 927 2631 regnum
948 2532 1169 2607 Macedonica
1190 2558 1297 2607 voca·

235 2659 354 2733 retur,
376 2644 494 2716 occidi
519 2670 603 2717 eum
630 2649 736 2717 tacite
764 2670 848 2716 cum
874 2661 989 2717 matre
1013 2648 1157 2717 Barsine
1175 2646 1297 2743 jubet,

237 2776 464 2852 corporaque
485 2779 612 2827 eorum
634 2772 731 2828 terra
757 2754 883 2843 obrui,
904 2780 952 2827 ne
979 2755 1092 2828 caedes
1116 2756 1298 2856 sepultura

208 2890 226 2949 4
238 2863 454 2962 proderetur
467 2892 476 2936 :
490 2879 527 2936 et
543 2869 644 2964 quasi
661 2890 789 2965 parum
803 2863 975 2937 facinoris
988 2868 1028 2939 in
1046 2868 1125 2966 ipso
1141 2871 1299 2965 primum

273 3078 299 3128 6.
323 3074 457 3130 cauam.
482 3076 632 3129 Proximam
654 3075 750 3141 Gaza,
790 3072 845 3129 duo
871 3073 949 3129 codd.
973 3076 1114 3130 exhibeant
1138 3078 1298 3143 Audariates,

239 3152 312 3228 qaod
322 3172 418 3206 nomen
430 3154 508 3207 habet
519 3152 598 3207 Diod
610 3153 692 3219 XIX,
704 3156 749 3216 84.
789 3152 856 3207 ittud
870 3155 954 3209 Gron.
966 3173 1050 3228 nepos
1060 3157 1168 3227 recepit.

239 3262 272 3273 -
287 3238 453 3303 Occuparet-at.
464 3234 544 3285 Anno
558 3238 625 3297 44²,
637 3228 749 3284 Diodor.
826 3232 851 3284 3.
862 3234 981 3288 Hercules.
993 3234 1043 3287 llic
1053 3252 1123 3286 anno
1133 3234 1239 3287 demum
1250 3234 1299 3297 445

239 3308 323 3375 xlx,
336 3310 428 3363 llo-85.
790 3328 805 3363 a
816 3310 1028 3385 Polyperchonte
1042 3326 1082 3367 est
1093 3313 1207 3377 occisus,
1219 3311 1301 3365 Diod.

274 3408 301 3519 Ξ.
311 3418 345 3517 Ξ
355 3390 434 3479 Anno
444 3386 526 3517 Ubrpis
535 3384 733 3517 offlam·
790 3388 861 3454 XX,
875 3409 922 3521 spu,
935 3390 983 3521 ab}
995 3408 1070 3481 eam,
1083 3404 1118 3523 nlt¹
1127 3388 1302 3523 Caslspndrum

241 3462 558 3615 sesilliis&
570 3478 752 3613 arinini
791 3486 898 3600 itta,
913 3486 1102 3614 ttttttti
1115 3482 1181 3612 ts,
1195 3488 1302 3613 ittet

241 3625 337 3693 insuper
345 3622 507 3674 mnibus..
520 3622 611 3675 Plures
622 3622 678 3675 alite
688 3620 751 3675 edd.
791 3625 986 3700 Polyperchon,
997 3628 1078 3699 gratia
1088 3646 1150 3680 cum
1158 3624 1302 3681 Cassandro

241 3718 292 3771 pro
305 3698 405 3764 daran,
420 3701 551 3752 honoravit.
567 3718 612 3752 an.
792 3704 974 3771 reconciliata,
993 3704 1133 3759 Herculem
1150 3704 1216 3757 clam
1227 3716 1303 3757 necat

277 3771 317 3828 11.
331 3776 634 3831 amanuensium.
648 3794 751 3833 comen.
793 3800 863 3835 anno
884 3784 943 3846 445.
967 3784 1025 3836 Hoc
1048 3797 1136 3836 autem
1157 3800 1227 3835 anno
1251 3782 1303 3847 443

242 3856 382 3907 Auratam
398 3876 430 3909 ex
445 3854 564 3910 Diodoro
577 3858 644 3921 XX,
662 3876 709 3926 19,
724 3870 753 3911 et
792 3862 940 3915 Alexander
956 3882 1015 3915 cum
1034 3874 1116 3915 matre
1135 3864 1244 3915 Roxane
1264 3874 1304 3915 est

242 3933 341 3985 Athen.
351 3932 440 3998 VIII,
453 3953 482 4001 π,
494 3952 608 4007 quornm
620 3933 710 3989 sedena
722 3936 751 3990 in
793 3942 906 4006 occisus,
919 3939 999 3994 Diod.
1012 3940 1093 4005 xlx,
1106 3944 1169 4007 105,
1180 3940 1232 3994 hoc
1243 3940 1304 3994 loc'o

243 4009 381 4066 Dardania
396 4024 423 4065 et
437 4012 548 4067 onniaa
564 4014 660 4067 tinibus
674 4015 751 4069 luisse
793 4020 817 4087 ς.
830 4020 855 4072 5.
864 4050 898 4059 -—
910 4020 1042 4091 Sepultura.
1054 4018 1088 4072 Id
1102 4031 1155 4085 est,
1167 4020 1304 4073 exustione

242 4089 306 4145 dicit
316 4090 410 4146 Strabo
419 4090 465 4145 lib.
473 4091 568 4150 xvn.
576 4095 662 4166 Atque
668 4113 753 4167 quum
792 4095 989 4154 cadaverum'in
1000 4114 1077 4169 rogo.
1090 4128 1123 4139 -
1135 4098 1166 4149 A.
1178 4098 1213 4152 U.
1227 4098 1287 4161 443,
