2967 4684
247 359 317 449 384
443 427 444 430 ,
669 365 688 431 J
697 359 879 430 USTINI

247 488 346 584 prius
367 486 407 556 in
429 487 566 582 gremio
586 497 742 554 matrum
761 481 920 580 parvulis
939 480 1078 569 liberis,
1094 482 1309 580 virginibus·

213 605 235 660 t
249 620 319 692 que
336 593 381 665 ad
398 609 562 694 stuprum
588 593 746 691 direptis.
774 590 826 664 Ad
844 605 918 662 tam
938 616 1064 664 sarvam
1089 591 1306 668 dominatio·

247 730 333 777 nem
343 703 571 803 stupentibus
582 702 765 792 omnibus,
772 700 943 802 princeps
952 728 1080 776 eorum
1089 703 1307 796 Hellanicus,

148 897 151 904 Δ
246 840 359 888 senex
375 831 410 886 et
426 813 548 886 liberis
565 813 697 902 orbus,
709 829 752 885 ut
768 814 831 910 qui
848 836 917 884 nec
931 815 1043 884 aetatis
1058 837 1128 885 nec
1144 816 1307 914 pignoris

246 940 413 1024 respectu
433 927 592 1012 timeret,
610 939 818 996 contractos
836 923 984 994 dommn
1003 921 1195 998 fidissimos
1219 929 1307 998 ami-

219 1057 374 1110 scorum
400 1038 439 1107 in
468 1035 664 1107 vindictam
692 1037 814 1134 patrie
840 1032 1015 1106 hortatur.
1038 1035 1308 1110 cunctantibus
1390 1092 1392 1097 -

247 1148 388 1246 privato
406 1143 567 1244 periculo
586 1145 774 1243 publicum
789 1144 913 1234 tinne,
929 1160 965 1216 et
984 1144 1209 1218 deliberandi
1226 1171 1307 1246 spa·

247 1259 336 1349 tium
356 1256 643 1355 postulantibus,
661 1257 839 1328 arcessitis
862 1258 990 1346 servis,
1011 1255 1117 1351 jubet
1144 1256 1308 1330 obserari

246 1365 360 1458 sores,
372 1384 604 1468 tyrannoque
618 1369 796 1456 nuntiari,
810 1369 1011 1454 auritteret,
1022 1367 1086 1464 qui
1099 1367 1307 1463 conjuratos

246 1480 344 1580 apud
361 1505 398 1552 se
416 1477 768 1578 comprehenderet:
787 1507 804 1543 s
825 1474 1011 1572 objectans
1031 1475 1199 1573 singulis,
1215 1507 1232 1542 α
1248 1501 1307 1564 se,

248 1591 332 1688 quia
345 1588 539 1660 liberandae
553 1591 674 1687 patriae
691 1603 818 1659 auctor
832 1611 909 1658 esse
925 1611 1002 1657 non
1017 1588 1147 1684 possit,
1160 1586 1307 1659 desertae

202 1723 235 1762 ιο
246 1699 401 1770 ultorem
420 1696 593 1771 futurum.
604 1729 620 1764 o
632 1703 735 1768 Tunc
750 1697 800 1768 illi
813 1697 963 1796 ancipiti
975 1695 1136 1796 periculo
1152 1698 1306 1768 circum·

245 1808 366 1898 venti,
387 1806 634 1880 honestiorem
651 1811 745 1896 viam
763 1809 953 1906 eligentes,
972 1808 1166 1904 conjurant
1189 1810 1228 1878 iu
1253 1823 1307 1904 ty·

245 1920 353 1990 ranni
382 1935 538 1990 necem:
560 1934 667 2017 atque
688 1921 737 1990 ita
760 1919 1006 2007 Aristotimus,
1030 1919 1179 2015 quinto,
1202 1932 1307 2015 post-

247 2052 357 2126 quam
375 2027 604 2126 tyrannidem
625 2044 883 2127 occupaverat,
898 2053 1040 2117 mense,
1056 2030 1281 2127 opprimitur.

218 2161 233 2198 1
293 2141 338 2208 Π.
351 2144 493 2211 Interea
506 2140 709 2237 Antigonus
719 2165 833 2238 quum
844 2138 1032 2238 multiplici
1044 2138 1211 2229 bello,et
1225 2143 1307 2210 Pto·

245 2245 358 2319 lemaei
379 2251 490 2348 regis,
512 2265 548 2321 et
570 2255 828 2348 Spartanorum
849 2266 1097 2350 premeretur,
1119 2276 1307 2348 novusque

246 2357 297 2428 illi
316 2357 428 2432 hostis
446 2361 711 2433 Gallo-Graeciae
729 2364 907 2435 exercitus
926 2361 1155 2448 adfluxisset3
1171 2363 1210 2431 in
1227 2385 1307 2460 spe·

246 2471 338 2542 ciem
357 2488 557 2544 castrorum
575 2497 684 2571 parva
701 2498 814 2546 manu
826 2474 996 2545 adversus
1010 2487 1157 2544 caeteros
1168 2471 1308 2562 relicta,

216 2580 417 2656 aadvcrsus
447 2583 570 2654 Gallos
606 2586 690 2655 totis
718 2584 857 2656 viribus
889 2582 1138 2683 proficiscitur.
1167 2581 1308 2671 Quibus

281 2761 308 2813 7.
317 2745 428 2814 Dirsptr's.
442 2744 495 2796 Aut
510 2743 614 2814 potius,
627 2756 658 2795 ut
671 2743 757 2797 Gron.
798 2757 903 2816 tempus
913 2746 1010 2798 Noster
1025 2761 1081 2796 non
1093 2739 1215 2806 deliniat,
1227 2740 1318 2798 enam

248 2837 312 2872 arna
324 2819 448 2891 corrigit,
459 2821 575 2892 abreptas,
590 2819 685 2886 idest,
699 2821 757 2873 abs·
798 2822 953 2875 Ptolemaeus
973 2819 1176 2891 Philadelphus,
1197 2820 1308 2893 Egypti

249 2897 353 2964 tractis,
365 2917 448 2970 quum
461 2897 527 2951 illnd
540 2899 573 2952 sit
584 2900 695 2970 polian.
797 2919 843 2953 rer
854 2919 904 2973 per
911 2919 994 2954 annos
1003 2900 1130 2970 dyo-507,
1140 2897 1251 2969 intelligi
1258 2917 1308 2969 po·

283 2977 309 3029 8.
335 2979 457 3046 Pap-noris.
483 2975 619 3030 Editiones
645 2977 758 3049 antiqua
798 2990 1039 3050 test,qnemcontra
1047 2977 1310 3048 Antigonumbiaoe

243 3055 353 3127 pigneris
371 3053 523 3126 frequenter
536 3076 552 3107 o
570 3056 599 3108 in
616 3075 629 3107 e
645 3069 756 3111 mutato.
799 3055 1309 3130 dooiaregmltheniensiboselassem

247 3161 283 3172 --
304 3135 443 3188 Connactos
461 3133 564 3186 domum.
584 3134 676 3188 Plures
694 3134 757 3188 edd.
798 3136 896 3190 auxilio
910 3138 1011 3190 misisse
1026 3132 1107 3188 uadit
1120 3134 1258 3187 Pausanias
1275 3133 1308 3199 1,

247 3223 387 3264 convocatos
398 3211 472 3264 domi.
486 3230 531 3267 ao.
799 3235 831 3286 7,
845 3216 875 3282 33
887 3217 948 3269 coll.
960 3233 1017 3288 cap.
1031 3233 1063 3279 1,
1077 3231 1100 3266 1.
1111 3243 1145 3254 -
1157 3214 1307 3265 Gallo-Grv-

283 3307 309 3359 9.
321 3294 446 3342 Arandis
455 3294 535 3346 send.
546 3292 597 3345 Per
611 3311 700 3346 servos
715 3313 759 3347 ar·
799 3299 850 3348 οἱα.
870 3295 1125 3358 Gallo-Graecorum,
1141 3292 1308 3359 Galatarum,

181 3365 184 3372 ’
234 3369 374 3441 ¹ressitos,
389 3369 444 3422 sive
465 3389 548 3442 quum
564 3371 634 3425 servi
650 3371 684 3424 ab
700 3371 759 3444 ipso
801 3375 938 3429 Gallorum
952 3373 1041 3438 XXV,
1055 3391 1087 3437 a,
1103 3389 1150 3435 ιι,
1164 3389 1230 3442 quos
1242 3371 1309 3444 Pyr·

249 3461 335 3502 essent
347 3447 471 3501 moeniti.
482 3449 543 3502 Non
556 3448 684 3521 igiturest
692 3469 760 3522 opus
800 3453 865 3506 rhus
899 3453 927 3505 in
962 3449 1118 3507 Macedonia
1156 3447 1309 3520 occupanda

250 3543 312 3586 enm
333 3526 417 3580 Gron.
438 3545 488 3582 aro
510 3527 643 3599 corrigere
659 3548 666 3580 r
682 3549 761 3580 senos
800 3531 946 3601 (xxv,3,
960 3529 1114 3600 54)ωοίοι
1123 3526 1172 3579 sibi
1184 3525 1310 3598 adjume-

250 3608 374 3659 arcessitos
383 3606 533 3661 obsonare...
541 3609 659 3658 namn.
670 3607 760 3661 Minus
799 3621 855 3676 rat,
869 3623 896 3663 et
906 3628 922 3662 a
934 3609 1030 3682 quihus
1047 3606 1120 3677 regia
1132 3603 1309 3658 Macedonum

250 3696 338 3738 autem
349 3695 441 3756 aptum
451 3683 586 3758 est‚quod
597 3684 760 3739 habentdao
800 3689 919 3761 sepulcra
937 3687 1027 3759 AEgeis
1041 3689 1073 3739 Α.
1085 3686 1120 3738 ll.
1137 3684 1188 3748 480
1205 3681 1309 3754 direpta

251 3760 331 3814 codd.
345 3761 470 3816 observari.
741 3775 742 3778 ’
800 3765 880 3820 tradit
894 3764 1028 3819 Diodorus
1044 3762 1142 3827 XXII,
1159 3761 1251 3832 ἴημα.
1264 3777 1307 3814 at.

287 3837 327 3890 11.
338 3859 362 3892 r.
372 3841 570 3912 Ptolmroer'rsgir.
581 3839 614 3894 Id
626 3853 678 3904 est,
690 3842 760 3913 regis
800 3845 856 3898 llos
866 3844 972 3917 igitnra
985 3843 1089 3916 Pyrrho
1102 3841 1130 3894 in
1142 3840 1309 3910 Peloponne-

251 3914 307 3971 lilii
326 3917 390 3971 Erat
405 3920 477 3972 enim
493 3919 646 3973 Ptolernoens
663 3920 759 3994 Pyrrhi
800 3943 858 3976 som
879 3923 1017 3976 festinante
1036 3921 1149 3989 (XXV,
1168 3924 1201 3983 4,
1221 3917 1257 3986 d)
1274 3915 1309 3968 nd

251 3995 337 4060 lilius,
350 3997 476 4068 Antigoni
489 3998 574 4052 victor
584 3999 620 4064 V,
631 3997 661 4064 ³,
672 4000 703 4064 8,
716 4019 761 4054 oc·
799 4001 983 4055 Macedoniarn
991 3998 1127 4054 tutandam
1135 3991 1309 4059 relictos,sed

208 4121 212 4132 ,
252 4073 321 4126 nisus
335 4071 432 4128 deinde
446 4078 477 4132 Α.
492 4077 528 4129 U.
546 4079 594 4143 aas
612 4092 760 4150 compatre
799 4081 828 4133 in
850 4093 919 4133 terra
944 4079 1026 4133 amica
1050 4076 1181 4130 hostiliter
1202 4084 1309 4145 agentes

253 4151 345 4219 XXV,
370 4159 402 4218 4,
427 4158 444 4208 6
467 4173 474 4206 :
498 4173 655 4230 quamquam
677 4176 761 4230 quum
801 4158 947 4213 debellabat
959 4156 1115 4229 Antigonus.
