2967 4684
430 367 807 443 HISTORIARUM
832 375 988 449 LIBER
1011 384 1039 452 1.
1217 415 1261 489 97
1348 388 1354 414 ⁸

205 486 351 587 regibus
369 484 446 558 fuit.
461 491 643 588 Principio
662 493 770 589 igitur
783 500 902 593 regni,
916 506 1000 598 Cyri
1015 504 1139 606 [regis]
1153 508 1263 585 filiam
1277 538 1310 595 rt

207 600 246 687 in
273 600 542 671 matrimonium
566 603 722 699 recepit,
743 607 921 701 regalibus
947 616 1083 713 nuptiis
1110 644 1263 719 regnum

206 708 442 782 firmaturus:
463 725 505 781 ut
530 735 609 783 non
632 725 705 781 tam
731 717 771 785 in
796 731 1005 793 extraneum
1033 730 1262 823 translatum,

206 844 317 916 quam
332 822 370 889 in
389 818 556 892 familiam
571 824 656 917 Cyri
669 846 852 896 reversum
865 829 1055 906 videretur.
1068 842 1263 937 Interjecto
1278 860 1308 920 ιε

207 925 340 1001 deinde
358 944 537 1028 tempore,
554 956 668 1029 quum
689 937 820 1030 Assyrii
840 934 1085 1036 descivissent,
1101 964 1136 1021 et
1150 954 1263 1050 Baby-

205 1038 341 1110 loniam
369 1057 630 1139 occupassent,
659 1040 886 1143 difficilisque
918 1048 1017 1122 urbis
1046 1066 1264 1157 expugnatio

205 1167 316 1239 esset;
334 1166 507 1241 aestuante
524 1177 628 1249 rege,
647 1178 744 1223 unus
761 1154 807 1257 de
828 1159 1123 1239 interfectoribus
1140 1176 1264 1271 Mago-

203 1286 305 1345 rum,
323 1268 486 1361 Z'opyrus
507 1260 606 1332 domi
626 1288 664 1333 se
682 1264 893 1340 verberibus
916 1270 1064 1346 lacerari
1081 1292 1160 1351 toto
1185 1309 1265 1357 cor·
1350 1360 1353 1367 ,

202 1389 304 1469 pore'
309 1373 413 1468 jubet
425 1401 433 1443 ε
450 1396 595 1460 nasum,
608 1399 727 1462 aures,
741 1391 778 1447 et
790 1377 883 1451 labia
897 1380 964 1452 sibi
978 1388 1143 1481 praecidi;
1157 1408 1265 1491 atque

203 1482 254 1551 ita
265 1485 340 1579 regi
353 1483 561 1579 inopinanti
574 1507 612 1554 se
627 1480 743 1555 offert.
759 1490 979 1581 Attonitum,
993 1510 1029 1567 et
1044 1520 1265 1595 quaerentem
1280 1536 1312 1585 ,e

204 1593 355 1661 Darium
368 1616 526 1678 caussas,
539 1608 798 1693 auctoremque
812 1613 885 1669 tam
898 1600 1001 1675 foedae
1019 1607 1265 1706 lacerationis,

202 1702 353 1789 tacitus,
376 1727 450 1799 quo
480 1708 666 1802 proposito
694 1703 838 1799 fecerit,
862 1712 1011 1805 edocet;
1038 1718 1266 1824 formatoque

202 1812 243 1878 in
280 1808 402 1882 sutum
444 1816 620 1907 consilio,
655 1818 847 1919 translugae
886 1828 990 1898 titulo
1030 1827 1265 1931 Babyloniam

195 1918 452 2016 proficiscitur.
477 1922 532 1994 lbi
555 1927 716 1998 ostendit
740 1934 876 2031 populo
903 1936 1075 2013 laniatum
1104 1971 1236 2049 corpus
1256 1980 1312 2045 :17

203 2034 368 2129 queritur
385 2035 631 2109 crudelitatem
649 2044 792 2137 regis,a
807 2070 880 2141 quo
897 2048 935 2117 in
955 2044 1058 2147 regni
1074 2060 1266 2152 petitione,

203 2163 280 2211 non
299 2144 448 2232 virtute,
462 2142 525 2214 sed
539 2150 719 2244 auspici03
735 2178 813 2223 non
827 2156 963 2250 judicio
980 2158 1188 2259 homiuum,
1203 2173 1267 2242 sed

204 2246 351 2339 hinnitu
362 2255 447 2347 equi
461 2270 649 2350 superatus
663 2260 707 2328 sit
720 2260 841 2355 :jubet
854 2264 932 2337 illos
947 2292 990 2339 ex
1007 2278 1128 2345 amicis
1147 2303 1265 2351 exem·
1281 2306 1312 2357 ιε
1406 2366 1415 2373 ,

202 2358 303 2455 plum
322 2383 470 2458 capere,
489 2364 577 2458 quid
595 2364 761 2439 hostibus
781 2375 981 2447 cavendum
1000 2382 1045 2451 sit
1060 2411 1067 2453 :
1085 2380 1266 2482 hortatur,
1281 2427 1313 2477 ¹9

202 2494 250 2540 ne
266 2471 449 2543 moenibus
467 2477 579 2571 magis
596 2501 705 2574 quam
723 2485 830 2554 armis
848 2485 1053 2579 confidant,
1068 2498 1266 2593 patiantur-

202 2606 272 2677 que
291 2607 329 2653 se
348 2608 543 2656 commune
565 2585 701 2659 bellum
723 2598 926 2669 recentiore
948 2600 1000 2669 ira
1021 2627 1154 2700 gerere.
1172 2614 1266 2685 Nota
1280 2655 1313 2691 ιο

201 2692 371 2765 nobilitas
391 2697 457 2767 viri
477 2701 612 2795 pariter
628 2714 665 2771 et
685 2704 800 2775 virtus
822 2709 991 2783 omnibus
1011 2731 1087 2787 erat
1104 2746 1112 2787 ε
1130 2746 1199 2793 nec
1221 2724 1266 2797 de

200 2801 273 2875 fide
291 2806 486 2898 timebant,
500 2812 604 2907 cujus
620 2812 730 2884 veluti
748 2817 918 2915 pignora,
933 2823 1083 2898 vulnera
1102 2840 1266 2933 corporis

201 2928 237 2982 et
254 2916 392 3010 injuriae
411 2934 517 2991 notas
533 2920 730 2995 habebant.
745 2931 985 3005 Constituitnr
1002 2961 1088 3037 ergo
1105 2941 1177 3015 dux
1192 2974 1266 3018 om·
1278 2984 1310 3019 η

201 3028 304 3093 nium
325 3026 496 3124 suffragio
511 3057 519 3099 t
534 3047 570 3102 et
589 3050 737 3134 accepta
756 3062 865 3135 parva
885 3066 1011 3137 manu,
1030 3054 1139 3125 semel
1157 3070 1265 3153 atque

201 3132 333 3205 itemm
358 3136 572 3210 cedentibus
599 3145 768 3217 consulto
793 3154 930 3239 Persis,
957 3162 1116 3233 secunda
1145 3166 1265 3261 praelia
1319 3170 1322 3175 “

200 3243 295 3316 facit
312 3245 366 3317 Ad
383 3262 606 3345 postremum
619 3258 830 3329 universum
849 3261 917 3333 sibi
936 3268 1112 3341 creditum
1128 3278 1264 3353 exerci-
1278 3316 1308 3352 υ

200 3433 711 3511 Darius.—-4,Cyrus.—5,Cambyses
752 3444 934 3517 Phaedymam,
956 3450 1048 3505 Otanis
1064 3456 1140 3527 (cap.
1161 3476 1193 3527 9,
1213 3468 1263 3533 ιζ)

199 3532 279 3584 snpra
289 3532 347 3586 cap.
359 3520 390 3576 4,
401 3522 426 3577 4.
437 3544 469 3554 -
477 3519 508 3579 6,
522 3519 598 3588 Cym
608 3536 666 3589 cap.
678 3520 693 3572 5
700 3540 710 3586 3
751 3520 848 3588 filiam,
863 3524 976 3591 ibidem;
991 3530 1051 3582 coll.
1066 3550 1124 3603 cap.
1139 3540 1181 3589 68.

200 3604 227 3644 et
247 3610 276 3655 ι,
295 3592 470 3645 Achaemenes.
487 3624 522 3633 —-
544 3615 574 3658 s,
600 3596 711 3670 Camby-
789 3604 828 3652 16.
837 3606 969 3656 Attonitum
982 3619 1031 3658 etc.
1042 3610 1119 3663 Conf.
1132 3614 1263 3674 Herodoti

200 3687 290 3723 ses-
301 3670 709 3745 3,Cyms.—4,Tbeaspes.—-
753 3676 814 3741 111,
832 3680 962 3746 ito-160,
977 3684 1023 3753 qui
1042 3698 1128 3742 tamen
1147 3692 1209 3760 lll,
1228 3717 1262 3769 7⁰

200 3750 231 3815 5,
248 3750 421 3802 Ariaramnes.
434 3782 467 3790 -
480 3756 513 3816 6,
533 3756 660 3806 Arsames.
675 3787 710 3796 —
752 3756 887 3829 Zopyrum
900 3757 929 3809 in
942 3774 1042 3831 septem
1056 3764 1107 3819 illis
1120 3777 1262 3845 conjuratis

200 3846 231 3896 7,
244 3828 395 3899 Hystaspes.
410 3858 444 3867 -
457 3830 489 3891 8,
503 3833 600 3882 Darius.
751 3852 805 3885 non
819 3849 947 3888 numerat.
1165 3852 1182 3875 ν’

145 3934 149 3941 -
237 3912 277 3969 14.
291 3908 384 3957 Filr'arm.
398 3906 551 3977 Autpotius
560 3908 627 3960 filias
637 3913 710 3961 Atos·
787 3930 829 3963 ar.
846 3915 967 3967 Consulto.
982 3918 1045 3973 Alite
1063 3922 1123 3977 edd.
1139 3940 1166 3981 et
1183 3930 1259 3987 MSS.

200 4001 254 4034 sam
267 3995 293 4035 et
306 3984 482 4056 Anystonen,
496 3984 625 4038 Herodot.
648 3988 709 4052 lll,
751 4008 782 4041 ex
795 3992 911 4043 consulto.

200 4062 250 4124 88;
267 4073 294 4112 et
313 4074 407 4133 prater
426 4063 474 4114 bas
493 4063 610 4116 smerdis
629 4062 710 4119 filiam
787 4088 828 4121 aa.
842 4070 886 4120 Ad
891 4084 1043 4141 postremum.
1058 4081 1102 4133 Sic
1114 4084 1260 4141 Graeviuse

199 4140 330 4213 pawn,
357 4159 420 4211 ergo
447 4142 511 4213 Cyri
534 4155 661 4214 neptem,
683 4158 711 4198 et
750 4148 833 4199 tribus
845 4148 906 4203 edd.
920 4152 1000 4224 antiq.
1015 4169 1041 4208 et
1055 4160 1154 4231 aliquot
1168 4165 1260 4233 MSS,

1094 4284 1113 4353 7
