2967 4684
528 318 591 384 nr
613 317 828 386 rusrrno.
1187 351 1206 412 7

143 437 216 502 lum
233 435 262 498 V
280 434 400 499 vixisse
421 453 499 499 eum
520 434 716 518 ostendunt,
737 458 811 523 qnae
831 457 930 524 supra
945 457 1015 524 cap.
1037 435 1070 520 1,
1093 441 1148 520 14,
1168 439 1207 502 15

144 555 181 604 et
200 537 238 604 16
249 537 346 602 atmli
361 536 572 625 Hieronymi,
586 539 725 627 Augusti
740 555 774 604 et
789 539 897 603 Orosii
912 538 995 604 loco.

192 641 230 703 ln
244 636 459 729 inscriptione
472 638 550 704 libri
561 640 596 722 1,
610 640 702 706 MSS.
717 640 851 730 quidem
865 641 988 706 habent
1000 665 1010 707 τ
1024 641 1071 708 Μ.
1083 643 1208 709 Jusrrrr

144 743 318 808 Fromr.

159 861 166 892 '-
193 844 342 934 Pmlogi,
362 839 523 924 ejusmodi
544 843 631 923 lere,
653 845 762 934 qualia
782 845 993 911 historiarum
1011 844 1095 910 hirii
1110 869 1209 936 orgu-

146 961 254 1010 mentn
267 945 332 1010 snb
352 945 445 1010 Flori
465 946 597 1010 nomine
609 947 798 1031 hebemus,
823 949 968 1037 primum
988 948 1069 1014 editi
1093 967 1169 1014 sunt
1190 974 1209 1015 a
1287 1034 1292 1042 .

147 1047 322 1137 bongarsio
336 1045 439 1135 (infru
460 1047 528 1131 lll,
551 1071 602 1112 nr.
628 1049 712 1137 14),
736 1053 794 1138 qui
816 1073 872 1116 eos
893 1052 928 1115 in
950 1051 1121 1117 codicibus
1143 1056 1212 1120 suis

148 1151 271 1214 invenit
285 1145 381 1214 valde
393 1147 583 1238 depravatos
600 1172 608 1216 :
625 1175 707 1240 quos
722 1153 844 1217 abhoc
858 1169 1024 1218 correctos
1040 1153 1072 1242 (e
1089 1155 1211 1242 quibus

147 1253 237 1342 plns,
253 1253 379 1340 inquit,
396 1254 547 1318 stercoris
560 1255 715 1344 exhausi,
735 1279 835 1344 quam
849 1256 929 1321 olim
950 1277 992 1321 ex
1010 1257 1123 1346 Augias
1146 1274 1210 1322 sta·

147 1355 232 1420 bulis
246 1355 405 1420 Hercules
417 1355 507 1445 ipse)
518 1359 683 1448 corrigere
696 1357 817 1424 deinde
830 1373 1046 1447 perrexerunt
1060 1351 1211 1442 Modins,

147 1457 407 1540 Freinshemius,
422 1459 569 1542 Vossius,
586 1461 749 1545 vorstius,
762 1461 922 1526 Heamius
937 1460 999 1549 (nr.
1021 1458 1071 1542 15,
1091 1484 1143 1548 17,
1158 1483 1210 1548 19,

152 1583 208 1642 υ,
233 1559 317 1648 25),
344 1561 494 1650 inprimis
519 1579 628 1629 nutem
653 1565 872 1654 Longeruaeus
899 1561 959 1651 (de
981 1561 1230 1668 Longroerns),t

149 1661 259 1744 abbas,
274 1661 406 1744 adjutus
420 1687 440 1728 a
455 1664 730 1749 Montefalconio,
751 1667 810 1754 qui
831 1681 898 1730 tres
917 1665 1061 1730 initalia
1080 1664 1213 1732 codices

151 1767 304 1848 contulit,
321 1781 355 1832 et
371 1768 463 1849 cujus
475 1783 567 1833 notas
587 1769 622 1833 in
643 1793 734 1834 suam
750 1769 930 1836 editionem
943 1768 1111 1834 tmnstulit
1130 1770 1210 1834 Abr.

152 1865 333 1934 Gronovius
346 1869 416 1959 (ur.
434 1869 507 1958 26).

191 1969 387 2035 Fischer-us:
404 1971 539 2059 Prologi
556 1971 618 2054 ilc,
635 1975 752 2062 inqru't,
760 1972 861 2062 proeſs
868 1968 953 2062 pa'g.
971 1971 1032 2056 28,
1047 1975 1077 2035 si
1083 1977 1212 2060 genuini

150 2083 233 2151 nort,
249 2073 291 2136 de
302 2097 363 2162 quo
378 2077 441 2138 vic
452 2073 592 2140 dubitari
595 2099 687 2165 posse
699 2077 944 2168 videtur,facile
958 2092 1104 2170 apparet,
1117 2101 1213 2168 qrmm

151 2175 247 2238 multa
260 2199 283 2238 a
300 2175 424 2240 Iustino
437 2180 638 2264 epilomntore
652 2183 765 2243 omissa
774 2179 903 2267 fioen'rd
917 2204 929 2244 .·
943 2183 976 2243 in
996 2182 1044 2244 lis
1061 2204 1115 2258 ea,
1141 2201 1212 2268 quoe

155 2272 274 2361 Trogus
297 2275 514 2342 deterrarum
537 2283 597 2343 situ
617 2284 790 2368 scnpserat.
813 2281 944 2346 Nomen
970 2297 1080 2346 autem
1105 2282 1212 2370 ipsum

145 2375 347 2464 prologornm
361 2379 395 2442 in
416 2379 479 2444 hnc
500 2379 755 2471 significatione,
771 2405 837 2468 qua
857 2383 913 2447 hic
934 2380 1130 2464 adhibetur,
1153 2405 1214 2446 no·

151 2491 241 2542 tante
255 2477 413 2562 Hermio,
429 2496 478 2546 est
492 2479 686 2566 barbarum,
705 2497 738 2548 et
752 2482 879 2573 phrasis
892 2485 926 2548 in
941 2483 993 2546 his
1009 2481 1213 2572 frequentata

151 2581 182 2642 in
195 2603 321 2644 eaecnsu
337 2583 413 2672 (per
429 2582 678 2674 digressionem)
696 2586 828 2651 serioris
847 2601 896 2650 est
917 2585 1103 2667 latinitatis,
1125 2585 1215 2650 unde
1280 2663 1287 2686 ,

151 2681 331 2770 suspicatur
342 2684 424 2748 'sun
436 2685 542 2750 Faber
554 2687 618 2775 (nr.
631 2686 702 2776 21),
714 2687 885 2752 hominem
898 2688 1085 2754 Graeculurn
1099 2688 1213 2771 fuisse3

152 2783 270 2872 quippe
283 2784 329 2847 ita
345 2783 475 2852 Graecos
489 2786 600 2853 dicere
614 2789 639 2848 ir
652 2783 834 2868 sagimine,
852 2784 900 2850 lul
913 2783 1116 2870 regnandum.

194 2883 260 2948 Hos
273 2884 360 2974 ipsos
372 2901 484 2953 antem
498 2889 653 2980 prologos
667 2890 760 2954 libris
775 2891 943 2979 scriptoris
958 2893 1062 2958 nostri
1075 2895 1216 2983 praemisi
1323 2956 1327 2962 .

152 3007 216 3050 non
231 2985 431 3078 discerptos,
453 3007 492 3054 ut
514 2993 549 3056 in
571 3015 640 3058 nno
664 2993 780 3058 codice
799 2993 944 3082 singulos
966 2995 1103 3084 singulis
1123 2997 1217 3060 libris

155 3087 298 3174 praefixos
313 3091 440 3157 invenit
454 3093 665 3183 Bongarsius,
683 3093 741 3160 sed
761 3095 920 3158 continuo
944 3095 1078 3178 ordine;
1100 3097 1217 3184 hisque

156 3190 222 3278 ipse
238 3191 372 3275 adjunxi
396 3213 587 3285 argumento
609 3221 627 3262 a
651 3219 704 3263 me
726 3213 896 3286 excerpta,
917 3197 1045 3286 qualia,
1065 3198 1216 3262 breviora

66 3390 68 3398 Ι
156 3307 259 3360 tamen
272 3311 346 3387 post
357 3299 398 3362 ls.
413 3299 561 3366 Vossinm
576 3299 669 3366 dedit
680 3300 827 3366 Graevius
840 3300 907 3388 (nr.
924 3299 996 3387 20),
1007 3299 1097 3364 unde
1109 3301 1218 3364 ceteri

155 3399 375 3486 repetierunt;
390 3417 490 3491 atque
506 3420 539 3468 et
557 3404 629 3470 haec
644 3426 712 3468 non
735 3403 844 3466 minus
859 3402 1017 3466 continua
1031 3401 1134 3482 serie,
1151 3424 1218 3490 quo

155 3497 278 3565 facilius
290 3503 495 3592 celeriusque
509 3521 543 3570 ct
555 3528 606 3571 res
621 3522 777 3587 narratas,
790 3519 838 3586 et,
854 3502 944 3591 quod
958 3503 1099 3592 scriptor
1110 3504 1219 3591 sequi·

156 3613 223 3681 tur,
238 3599 333 3666 filum
346 3606 449 3693 possis
464 3609 659 3696 perspicere.

197 3703 246 3767 De
257 3705 373 3770 Nostri
382 3709 529 3774 oratione
539 3723 628 3774 recte
635 3707 761 3791 judicat
768 3707 958 3787 Fischerus,
969 3706 1003 3770 in
1013 3707 1103 3795 praef.
1115 3731 1187 3798 pag.
1198 3709 1221 3774 6

156 3803 198 3866 ita
214 3827 222 3867 :
237 3804 305 3870 Illa
318 3829 385 3872 non
396 3809 524 3874 offlano
537 3809 688 3901 ejusmodi
700 3835 763 3876 esse
769 3861 780 3894 ,
796 3822 833 3874 ut
846 3809 999 3873 committi
1010 3821 1091 3874 recte
1105 3816 1142 3876 its
1147 3836 1222 3902 pos-

155 3907 211 3987 st,
234 3911 291 3997 qni
307 3907 428 3998 lr'nguoe
451 3911 562 3978 latinoe
583 3925 733 3978 naturam
753 3927 785 3978 et
802 3914 942 3977 nativam
956 3911 1222 4000 pulchritudinem

154 4031 277 4076 rwscere
289 4011 401 4076 velint.
415 4013 501 4078 Nom
517 4039 581 4080 non
595 4015 694 4082 solnm
711 4020 745 4081 in
758 4015 860 4080 verbr's
874 4015 1220 4103 smgrdissormulisqne
