2967 4684
208 290 277 337 120
556 303 560 312 -
630 268 853 337 rusrrur.
930 226 934 235 ’

162 422 189 456 ιι
206 390 301 459 vicio
325 386 439 460 fuerit
465 392 580 459 Tanto
606 388 826 459 moderatius
852 400 928 459 tum
956 386 1084 461 fratres
1110 394 1204 463 inter
1229 418 1268 464 se

205 522 317 596 regna
338 499 492 569 maxima
509 497 738 587 dividebant,
763 522 869 595 quam
889 522 990 569 nunc
1010 504 1140 599 exigua
1161 505 1268 600 patri·

162 645 192 679 n
206 611 329 691 monia
345 612 560 706 partiuntur.
579 612 691 707 Igitur
709 614 846 685 Xerxes
863 608 999 683 bellurn
1018 635 1038 681 a
1058 628 1158 710 patre
1172 638 1268 712 coep·

205 736 284 791 tum
320 718 490 793 adversus
521 722 720 809 Graeciam,
757 723 1052 818 quinqueuuitun
1090 726 1268 795 instruxit.-

163 846 194 899 13
205 829 312 921 Quod
329 828 392 899 ubi
406 832 570 927 primum
582 828 710 897 didicit
725 834 956 916 Demaratus,
972 856 1035 899 rex
1049 833 1270 903 Lacedaemo·

206 944 371 1027 niorum,
387 941 449 1037 qui
469 939 572 1038 apud.
586 943 743 1009 Xerxem
762 934 965 1026 exsulabat,
981 940 1129 1011 amicior
1146 944 1269 1038 patriae

205 1066 289 1148 post
300 1048 446 1147 lugam,
466 1074 575 1147 quam
596 1051 671 1146 regi
693 1062 778 1146 post
797 1047 993 1137 beneficia,
1013 1074 1059 1121 ne
1078 1054 1270 1149 inopinato

204 1160 301 1231 bello
319 1162 631 1259 opprimerentur,
649 1161 772 1230 omnia
789 1161 828 1227 in
847 1158 985 1230 tabellis
1002 1159 1126 1256 ligneis
1143 1162 1270 1257 magis·

204 1252 358 1340 tralibus
366 1269 576 1369 perscribit,
587 1269 786 1366 eademque
797 1294 878 1341 cera
888 1269 1145 1367 superinducta
1158 1270 1268 1343 delet:

161 1402 253 1460 isne
279 1394 341 1450 aut
370 1382 547 1479 scriptura
572 1382 649 1451 sine
680 1382 836 1477 tegmine
862 1381 1038 1477 judicium
1064 1381 1183 1471 daret,
1209 1398 1271 1454 aut

205 1514 334 1561 recens
353 1514 435 1563 cera
458 1489 582 1561 dolum
594 1489 787 1589 proderet:
804 1489 878 1562 fido
895 1492 1026 1563 deinde
1039 1517 1143 1565 servo
1158 1492 1241 1592 perf
1258 1534 1273 1549 ·
1368 1512 1372 1517 “

206 1600 338 1673 rendas
355 1600 481 1688 tradit,
500 1602 621 1697 jusso,
639 1602 903 1700 magistratibus
923 1608 1180 1701 Spartanorum
1202 1620 1272 1676 tra·

164 1726 194 1779 ι5
208 1712 302 1782 dere.
323 1712 462 1800 Quibus
480 1712 640 1809 perlatis,
656 1712 915 1784 Lacedaemone
934 1716 1123 1810 quaestioni
1136 1740 1194 1785 res
1210 1716 1273 1787 diu

208 1820 296 1910 fuit,
311 1822 411 1920 quod
423 1847 542 1920 neque
558 1827 733 1922 scriptum
752 1822 887 1921 aliquid
898 1824 1080 1912 viderent,
1097 1849 1167 1896 nec
1181 1823 1273 1897 frus·

210 1948 265 2003 tra
294 1933 419 2003 missas
448 1936 739 2031 suspicarentur,
765 1948 941 2031 tantoque
971 1958 1048 2006 rem
1079 1937 1273 2033 majorem,

166 2062 199 2114 ra
212 2058 349 2141 qttanto
364 2045 410 2115 sit
425 2045 620 2133 occultior,
637 2044 824 2143 putabant.
841 2045 1066 2117 Haerentibus
1078 2048 1117 2117 in
1132 2049 1274 2144 conjec-

213 2170 293 2237 tura
308 2158 413 2243 viris,
435 2182 540 2229 soror
561 2160 655 2255 regis
676 2156 845 2231 leonidae
872 2156 1062 2230 consilium
1086 2158 1276 2231 scribentis

170 2268 360 2347 17invenit
382 2271 491 2339 Erasa
511 2270 618 2365 igitur
641 2292 745 2357 cera,
767 2267 851 2340 belli
877 2267 1028 2340 consilia
1051 2268 1275 2367 deteguntur.

170 2381 293 2448 18Jam
314 2383 450 2450 Xerxes
469 2381 697 2477 septingenta
717 2380 829 2449 millia
854 2377 899 2449 de
920 2403 1034 2475 regno
1060 2394 1276 2467 armaverat,

169 2513 202 2563 ¹9
215 2502 251 2559 et
268 2503 429 2560 trecenta
446 2489 555 2559 millia
573 2488 619 2561 dc
635 2489 793 2561 auxiliis:
806 2504 847 2559 ut
861 2512 938 2557 uon
957 2489 1135 2558 immerito
1153 2487 1277 2585 prodi·

215 2650 401 2719 competitores
409 2650 529 2719 inprimis
536 2649 612 2719 regni
623 2666 727 2718 semper
767 2647 872 2708 milites,
884 2664 950 2699 troo
959 2667 1038 2701 naves
1046 2648 1151 2716 longam
1162 2646 1205 2699 ille
1212 2660 1278 2720 quot

214 2728 289 2778 alteri
310 2726 422 2794 diffidere
441 2740 467 2779 et
486 2726 585 2789 vereri,
604 2744 640 2777 ne
662 2726 727 2776 alter
766 2736 900 2789 numeret,
913 2728 1022 2797 exposui
1034 2724 1068 2778 ad
1082 2725 1188 2779 Cornel.
1204 2726 1276 2779 The-

215 2822 290 2873 spem
305 2805 381 2855 vultu
397 2806 517 2868 simulet,
530 2816 632 2875 premat
644 2804 726 2855 altum
766 2802 836 2854 mist.
853 2821 883 2865 a,
897 2805 922 2855 5.

216 2880 298 2933 eorde
310 2880 439 2939 dolorem.
456 2883 519 2947 Quo
534 2899 611 2935 sensu
625 2880 724 2936 Tibull.
804 2880 845 2933 13.
870 2888 1018 2937 Densomttrs.
1039 2886 1079 2937 De
1098 2886 1172 2957 cujus
1194 2886 1278 2937 exsilii

216 2958 263 3026 11,
279 2978 307 3025 1,
323 2980 334 3014 1
350 2980 356 3013 :
373 2960 476 3012 Credula
488 2980 541 3033 spes
549 2960 620 3025 soret
634 2964 728 3022 ortam
769 2962 926 3033 oeuuislege
932 2962 1096 3016 Herodotum
1103 2976 1279 3035 exponentem

216 3051 245 3092 et
255 3038 336 3092 ovid.
350 3038 413 3091 Her.
425 3039 500 3104 vll,
515 3058 545 3093 21
556 3056 563 3089 t
576 3038 680 3090 Credula
691 3057 729 3090 res
769 3037 811 3089 VI
819 3078 827 3103 ,
836 3042 866 3104 6,
876 3044 906 3093 61
918 3060 990 3113 seqq.
1001 3042 1188 3115 -Eademque
1201 3044 1279 3109 (Om-

216 3135 287 3169 amor
312 3118 445 3171 eradunt
468 3136 533 3189 ergo
551 3119 656 3169 convivia
670 3112 729 3167 'cr-e·
770 3118 828 3181 nia,
841 3138 901 3189 quae
913 3120 1063 3191 scripserat,
1076 3121 1179 3190 literas)
1193 3120 1278 3184 delen

218 3197 292 3261 dola,
314 3196 401 3269 qualia
416 3196 538 3250 homines
551 3194 652 3249 creduli
673 3216 728 3249 non
771 3207 815 3247 tut
825 3196 847 3249 si
856 3196 939 3249 mavis
951 3199 1082 3269 explicare
1093 3198 1220 3269 cadosque
1232 3216 1280 3269 per

219 3276 373 3348 suspiciosi,
389 3294 444 3329 non
463 3276 512 3328 sibi
525 3275 640 3329 invicem
657 3273 727 3327 dilli-
768 3274 911 3328 ablativum
924 3294 985 3329 cum
999 3277 1121 3329 Graevio:
1136 3275 1279 3346 eademque

218 3353 311 3407 dentes
328 3354 425 3407 habere
438 3356 532 3409 solent.
551 3384 585 3395 -
606 3358 726 3406 Convkio.
769 3372 827 3406 cera
841 3358 938 3423 (erasa,
947 3357 1054 3427 jamque
1063 3354 1170 3421 iterum)
1184 3372 1278 3425 super·

220 3437 338 3485 &orbeis
349 3432 430 3486 habet
440 3434 564 3486 Vincerat.
580 3433 681 3487 Bellov-
698 3434 726 3486 in
768 3430 889 3497 inducta,
904 3452 968 3503 ergo
985 3446 1089 3495 vetere,
1102 3450 1184 3503 quum
1199 3451 1279 3485 recens

219 3511 297 3581 Sper.
310 3509 725 3581 Hist.111,36,probautel.M.
768 3508 860 3563 dolum
881 3510 994 3583 prodere
1015 3510 1151 3581 potuisset.
1175 3512 1278 3581 Dresig.

219 3588 385 3661 Heusinger-o
394 3591 423 3642 in
432 3588 580 3642 Emendatt.
589 3608 650 3660 pag.
663 3608 727 3655 soe,
769 3589 927 3661 c'onjicitom
935 3588 1117 3657 (tabularum),
1126 3589 1182 3641 scil.
1194 3601 1278 3641 exue·

218 3668 295 3719 male.
314 3669 374 3733 Qua
385 3668 457 3721 enim
468 3687 497 3721 re
509 3668 561 3721 hoc
572 3686 635 3722 vere
646 3680 685 3721 est
696 3669 728 3720 ab
769 3668 845 3721 mites
862 3669 1007 3721 tabularum
1024 3666 1170 3738 ligneas-um
1188 3684 1279 3719 recens

219 3744 315 3797 arbitris
325 3745 476 3801 diversum?
771 3746 956 3799 confectarum.
972 3746 1011 3799 De
1024 3763 1052 3799 re
1066 3746 1137 3799 conl.
1149 3743 1277 3797 Herodot.

226 3876 230 3885 ,
257 3842 297 3876 rs.
310 3824 644 3897 Quisquenatitm.llerodot.
657 3825 728 3891 vll,
770 3824 910 3894 V11,239.
921 3823 1281 3888 Hocautemloco,licetom·

221 3923 267 3968 ao,
282 3902 479 3975 quadrennium
497 3903 609 3957 Diodor.
627 3904 683 3969 xl,
701 3923 728 3969 ι,
770 3902 969 3967 nibusintacto,
980 3902 1101 3955 vitiatum
1109 3920 1170 3953 cum
1181 3902 1279 3954 schetr.

218 3984 360 4043 amonium
381 4000 495 4051 quorum
511 3984 557 4035 hic
569 4003 627 4055 cap.
641 3985 671 4049 3,
680 4002 730 4035 nu·
770 3994 871 4036 textum
882 3982 1011 4034 existimo.
1025 3999 1071 4033 so.

218 4060 728 4135 metattioo,ooooopiarumpedest1ium
808 4063 848 4114 18.
864 4064 1016 4134 Septingenta
1032 4056 1282 4127 militaverimus
