2967 4684
222 295 291 368 250
442 251 445 262 ’
645 296 855 365 Jusrmr

167 416 207 489 ἰο
221 432 352 515 quuta,
373 414 472 514 quod
493 414 625 487 virtute
644 441 722 487 non
743 429 929 514 potuerat3
950 413 1138 514 filiumque
1159 418 1271 492 abeo

219 530 400 627 genitum,
423 526 662 598 Alexandrum
691 526 908 615 nominavit,
927 526 991 624 qui
1013 539 1138 625 postea
1159 552 1271 625 regno

174 662 203 697 ¹1
219 638 393 710 Indorum
416 638 552 737 potitus
574 651 637 709 est.
661 636 831 736 Cleophis
852 637 998 733 regina,
1016 650 1167 734 propter
1188 660 1271 735 pro·

218 762 362 819 stratam
380 748 589 846 pudicitiam
611 765 767 819 scortum
788 753 925 845 regium
947 746 993 818 ab
1020 747 1120 821 ludis
1141 749 1271 819 exinde

174 884 203 921 ιι
218 858 392 956 appellata
407 874 469 929 est.
483 863 669 957 Peragrata
686 860 809 949 India,
827 884 941 957 quum
964 858 1010 931 ad
1031 882 1156 931 saxum
1173 860 1271 931 mirer

217 970 413 1066 asperitatis
427 984 464 1040 et
478 969 693 1061 altitudinis,
707 972 746 1043 in
762 970 862 1069 quod
879 971 983 1042 multi
1001 971 1127 1069 populi
1143 969 1271 1043 conlu-

216 1095 360 1175 gerant,
376 1081 613 1179 pervenisset,
632 1085 837 1180 cognoscit,
855 1081 1047 1154 Herculem
1067 1080 1115 1154 ab
1136 1106 1271 1179 expug-

172 1202 201 1256 ι3
217 1191 364 1261 natione
380 1191 540 1301 ejusdem
554 1196 627 1265 saxi
645 1209 747 1265 terrae
765 1210 869 1266 motu
888 1192 1121 1293 prohibitum.
1135 1198 1271 1291 Captus

214 1300 335 1399 itaque
357 1301 528 1402 cupidine
543 1305 705 1377 Herculis
720 1320 799 1377 acta
816 1328 1003 1403 superare,
1018 1326 1102 1373 cum
1128 1327 1270 1373 summo

213 1408 337 1481 labore
350 1436 391 1484 ac
403 1414 564 1511 periculo
577 1417 713 1513 potitus
724 1440 826 1504 saxo,
838 1440 965 1487 omnes
977 1415 1053 1511 ejus
1062 1413 1134 1484 loci
1144 1426 1269 1510 gentes

212 1522 252 1589 in
271 1519 491 1595 deditionem
510 1526 650 1623 accipit.

186 1657 197 1691 1
259 1635 352 1703 VIII.
362 1638 466 1705 Unus
479 1658 523 1703 ex
538 1635 682 1733 regibus
697 1637 874 1708 Indorum
887 1634 971 1726 suit,
980 1641 1095 1708 Porus
1104 1636 1268 1724 nomine,

211 1739 348 1813 viribus
361 1746 523 1841 corporis
532 1748 686 1817 etanimi
696 1748 944 1844 magnitudine
956 1748 1091 1846 pariter
1102 1747 1267 1842 insignis:

184 1852 276 1948 aqui
297 1850 433 1922 bellum
452 1856 526 1950 jam
544 1855 704 1953 pridem,
722 1856 842 1929 audita
860 1856 1053 1928 Alexandri
1076 1857 1270 1954 opinione,

183 1962 250 2029 tin
269 1958 463 2033 adventum
482 1966 557 2060 ejus
579 1966 738 2063 parabat.
760 1970 960 2039 Commisso
983 1968 1106 2065 itaque
1127 1965 1268 2065 prelio,

212 2073 407 2143 exercitum
430 2100 536 2146 suum
555 2076 773 2149 Macedonas
795 2079 966 2149 invadere
983 2077 1105 2175 jubet,
1125 2075 1194 2147 sibi
1212 2100 1267 2147 re·

183 2198 292 2279 egem
306 2206 431 2254 eorum
446 2188 622 2284 privatum
637 2187 779 2259 ho‘stem
792 2187 964 2287 deposcit
978 2191 1053 2260 Nec
1067 2184 1269 2260 Alexander

210 2316 340 2391 pugnae
358 2318 498 2367 moram
516 2295 627 2369 fecit:
649 2298 712 2371 sed
731 2300 849 2397 prima
870 2301 1124 2399 congressione
1142 2298 1268 2369 vulne·

209 2420 289 2475 rato
306 2430 422 2505 eque,
439 2434 552 2505 quum
571 2434 729 2509 praeceps
747 2412 787 2480 in
808 2426 940 2483 terram
954 2408 1163 2496 decidisset,
1180 2433 1268 2480 con·

183 2531 320 2585 scursu
351 2517 542 2591 satellitum
570 2535 740 2593 servatur.
767 2525 882 2593 Porus
910 2520 1031 2591 multis
1056 2517 1267 2589 vulneribus

181 2644 198 2696 6
211 2624 363 2697 obrutus
377 2632 525 2725 capitur.
538 2632 608 2718 Qui
622 2633 757 2702 victum
771 2656 810 2701 se
825 2631 915 2701 adeo
927 2628 1061 2713 doluit,
1076 2641 1136 2711 ut,
1152 2650 1265 2724 quum

209 2738 350 2807 veniam
379 2736 425 2808 ab
453 2737 557 2809 hoste
584 2741 798 2828 invenisset,
825 2762 943 2835 neque
971 2736 1093 2807 cibum
1123 2759 1265 2807 sumere

208 2846 378 2936 voluerit,
395 2873 515 2947 neque
529 2850 680 2923 vulnera
694 2852 810 2923 curari
824 2874 949 2948 passus
960 2850 1024 2935 sit,
1040 2870 1205 2945 aegreque
1219 2848 1265 2917 sit

181 2955 255 3029 7ab
279 2981 322 3028 eo
344 2957 555 3048 obtentum,
577 2974 618 3031 ut
637 2960 744 3032 vellet
769 2960 898 3029 vivere.
921 2961 1039 3047 Quem
1065 2955 1266 3028 Alexander

210 3068 258 3140 ob
277 3067 456 3140 honorem
474 3072 614 3141 virtutis
636 3072 857 3143 incolumem
879 3072 918 3140 in
940 3094 1095 3167 regnum
1119 3069 1263 3140 remisit.

102 3230 107 3247 ,
181 3184 306 3253 anuas
327 3178 378 3251 ibi
394 3178 504 3253 urbes
524 3180 711 3253 condidit:
729 3208 841 3254 unam
862 3185 1038 3271 Nicaeam,
1055 3181 1203 3252 alteram
1221 3204 1264 3251 ex

247 3390 288 3425 ra.
304 3377 400 3423 Saena.
414 3377 526 3437 Acmon,
540 3374 614 3427 Curt.
627 3374 715 3441 VIII;
755 3380 895 3448 accepisset,
914 3378 984 3430 inest
999 3374 1062 3428 edd.
1082 3375 1164 3446 antiq.
1182 3374 1259 3427 conl.

212 3468 292 3517 ιω.
755 3454 819 3520 Ill,
856 3474 922 3520 ,xo.

244 3528 327 3583 VIII.
338 3546 359 3583 1.
369 3534 434 3581 vaus
440 3550 471 3581 ee
477 3530 572 3600 regibus
579 3543 627 3585 etc.
637 3532 715 3585 Conl.
790 3552 816 3603 7.
824 3474 1265 3585 demandauerattmatews

209 3606 290 3660 Diod.
308 3606 408 3674 XVII,
425 3609 522 3680 87·93;
537 3610 610 3663 Curt.
626 3610 715 3678 Vlll,
756 3609 805 3663 der
822 3614 918 3665 virtutis
937 3612 1008 3660 αἱαπι
1027 3612 1053 3659 r'n
1071 3606 1139 3659 hoste
1156 3609 1262 3658 abutor.

213 3702 258 3751 ta,
273 3686 313 3742 13.
326 3689 446 3741 -Anno
458 3688 539 3741 Urbis
550 3694 609 3760 4²7.
756 3684 1262 3754 Cun.1V,e,ot,etvt11,14,7⁵:

246 3770 270 3827 4.
283 3769 335 3815 Nee
346 3766 488 3818 Alexander
497 3778 546 3819 etc.
557 3766 639 3819 Aliter
648 3766 715 3819 Cur·
756 3766 837 3819 Habet
844 3767 889 3817 doc
898 3769 992 3828 virtut,
1006 3776 1036 3815 ut
1044 3765 1111 3814 edus
1119 3762 1198 3826 sortes
1209 3779 1262 3830 epe-

209 3838 494 3910 umvt11,1a,3t;
516 3844 597 3897 furin
617 3846 716 3898 Gellius
756 3848 804 3895 cies
816 3840 1067 3915 ejmetpnledriwdo,
1080 3836 1263 3891 cumulasse

211 3916 247 3983 V,
259 3937 290 3983 ²,
303 3918 371 3971 hanc
383 3920 519 3975 historiam
529 3933 624 3975 narrat.
751 3926 846 3996 posita,
860 3922 967 3973 delectet.
980 3938 1027 3973 nn.

245 4000 272 4051 6.
283 3998 487 4053 leuthranno
496 4000 716 4072 verbnmelegm·
790 4004 816 4056 8.
830 4006 947 4054 Naeuam.
963 4001 996 4053 In
1014 3996 1168 4052 memoriam
1180 3997 1261 4065 vlnus,

211 4075 275 4143 tina,
294 4092 372 4148 qnam
393 4076 466 4147 quod
483 4080 609 4151 Bongars.
627 4077 715 4147 dedit,
756 4080 953 4145 siverictorie,
966 4076 1045 4133 Diod
1057 4076 1159 4141 xvtl,
1174 4074 1217 4143 95-
