2967 4684
213 349 285 424 318
637 349 656 415 J
665 346 845 416 USTINI

186 498 314 561 9rum,
331 472 407 543 sine
422 482 590 567 respectu
607 470 750 566 pietatis
768 466 908 539 occidit
922 467 1033 539 Elissa
1045 460 1108 538 diu
1124 462 1272 538 fratrem
1302 538 1307 545 ,

217 598 368 684 propter
397 580 511 653 scelus
538 594 698 651 aversata
719 578 765 649 ad
784 593 1029 679 postremum,
1051 578 1273 650 dissimulato

217 695 319 781 odio,
329 695 563 791 mitigatoque
575 692 720 761 interim
733 691 851 780 vultu,
862 688 983 788 sugam
994 693 1104 761 tacito
1116 688 1274 775 molitur,

218 806 391 889 adsumtis
410 801 630 902 quibusdam
647 802 873 901 principibus
895 803 934 871 in
956 804 1179 888 societatem,
1197 802 1276 897 qui-

217 917 289 991 bus
310 942 375 1015 par
396 914 519 988 odium
541 917 581 985 in
603 937 721 1009 regem
746 938 845 1001 esse,
866 911 1090 1012 eandemque
1115 910 1277 1010 fugiendi

70 1020 73 1029 ’
174 1057 208 1093 ιο
221 1026 453 1126 cupiditatem
476 1022 727 1095 arbitrabatur.
753 1029 857 1095 Tunc
881 1022 1028 1096 fratrem
1048 1024 1133 1096 dolo
1152 1023 1278 1121 adgre-

220 1137 336 1210 ditur:
351 1136 476 1235 fingit‚
489 1166 506 1201 a
522 1160 559 1207 se
575 1135 621 1206 ad
637 1159 719 1207 eum
731 1138 883 1233 migrare
894 1133 1004 1220 velle,
1020 1160 1069 1205 ne
1081 1134 1232 1234 amplius
1246 1135 1280 1204 ei

220 1249 339 1319 mariti
353 1246 501 1335 domus,
514 1244 653 1345 cupidae
672 1245 884 1334 oblivionis,
900 1272 1043 1345 gravem
1058 1246 1177 1317 luctus
1193 1248 1283 1316 ima*

221 1361 342 1457 giuem
358 1372 528 1447 renovet,
543 1382 611 1428 nec
625 1355 720 1428 ultro
734 1382 855 1428 amara
868 1356 1067 1429 admonitio
1081 1355 1194 1427 oculis
1207 1356 1282 1450 ejus

179 1504 207 1541 n
223 1484 401 1542 occurrat.
413 1501 429 1535 »
448 1472 533 1542 Non
554 1469 688 1539 invitus
708 1468 919 1567 Pygmalion
936 1467 1046 1540 verba
1067 1470 1201 1539 sororis
1220 1491 1284 1537 au·

223 1580 330 1670 divit,
347 1583 552 1653 existimans
568 1603 652 1650 cum
668 1604 709 1650 ea
727 1594 765 1651 et
781 1604 910 1651 aurum
927 1576 1071 1650 Acerba
1086 1577 1184 1648 adse
1196 1602 1284 1647 ven·

179 1725 210 1761 n
224 1705 357 1761 turum.
372 1689 441 1761 Sed
453 1689 564 1760 Elissa
574 1690 760 1761 ministros
775 1691 1000 1787 migrationis
1014 1713 1032 1760 a
1046 1713 1129 1787 rege
1143 1689 1286 1775 missos,

224 1800 378 1871 navibus
410 1824 493 1871 cum
520 1801 697 1871 omnibus
728 1800 860 1899 opibus
893 1802 966 1872 suis
996 1804 1113 1898 prima
1140 1824 1287 1899 vespera

225 1910 402 2008 imponit,
416 1924 659 2008 provectaque
677 1912 716 1980 in
735 1910 865 1999 altum,
888 1912 1071 2009 compellit
1092 1936 1155 1983 eos
1176 1936 1288 1982 onera

226 2046 366 2105 arenaer
382 2046 449 2121 pro
472 2024 627 2120 pecunia
646 2022 844 2094 involucris
862 2021 1041 2112 involuta,
1055 2025 1094 2093 iu
1112 2048 1210 2093 mare
1228 2022 1288 2094 de·

184 2151 215 2205 13
224 2133 344 2229 jicerc.
365 2136 469 2203 Tunc
491 2130 631 2204 deflens
652 2134 749 2232 ipsa,
766 2131 984 2231 lugubrique
1004 2157 1093 2204 voce
1115 2133 1290 2203 Acerbam

230 2245 300 2315 ciet
317 2270 325 2313 :
344 2257 441 2329 orat,
458 2272 475 2309 u
491 2257 532 2314 ut
552 2242 671 2315 libens
694 2268 782 2343 opes
804 2268 887 2316 suas
907 2245 1078 2343 recipiat,
1099 2269 1189 2342 quas
1209 2244 1290 2315 reli-

230 2369 379 2452 querat3
402 2352 606 2453 habeatque
629 2352 796 2444 inferias,
817 2382 906 2455 quas
931 2355 1108 2429 habuerat
1130 2381 1293 2429 caussam

186 2493 217 2550 m
228 2467 366 2539 mortis.
377 2496 394 2533 a
407 2470 511 2537 Tunc
529 2470 626 2567 ipsos
641 2468 828 2539 ministros
846 2466 1074 2565 adgreditur:
1092 2499 1110 2535 α
1124 2466 1198 2539 Sibi
1215 2467 1292 2565 qui-

231 2577 314 2649 dem
332 2578 381 2649 ait
401 2592 560 2676 optatam
578 2578 663 2650 olim
682 2595 857 2665 mortem3
872 2578 935 2652 sed
952 2580 1021 2653 illis
1045 2580 1195 2654 acerbos
1213 2603 1295 2649 cru-

232 2690 362 2778 ciatuS,
378 2703 415 2760 et
431 2687 508 2759 dira
528 2689 704 2788 supplicia
721 2693 929 2782 imminere,
945 2695 1008 2791 qui
1026 2691 1170 2764 Acerbae
1187 2714 1292 2789 opes,

234 2824 388 2898 quarum
406 2826 469 2900 spe
488 2802 721 2900 parricidium
738 2828 802 2875 rex
821 2801 964 2894 lecerit,
978 2807 1129 2877 avaritiae
1145 2802 1293 2900 tyranni

190 2944 221 3001 14
234 2909 487 2983 subtraxerint
503 2944 520 2980 >›
543 2919 621 2985 Hoc
646 2930 748 2986 metu
769 2914 941 2988 omnibus
968 2917 1294 3014 injecto‚·comites

232 3019 324 3120 fugae
340 3025 489 3122 accepit.
505 3030 716 3123 Iunguntur
730 3026 763 3097 ei
781 3042 989 3099 senatorum
1003 3030 1043 3099 in
1057 3052 1137 3099 cam
1151 3040 1296 3099 noctem

233 3149 432 3233 praeparata
448 3138 609 3233 agmina,
625 3151 732 3233 atque
748 3140 797 3209 ita
809 3141 918 3211 sacris
933 3140 1112 3226 Herculis,
1127 3141 1229 3236 cujus
1244 3162 1296 3209 sa-

237 3245 530 3357 cerdosAeerbas
541 3244 861 3348 firerat,repetitis,
871 3250 996 3323 exsilio
1008 3250 1111 3321 sedes
1122 3260 1297 3346 quarunt.

238 3434 454 3497 Schwestermann,
466 3434 580 3500 Gallice,
596 3434 748 3501 beau-fria.-
791 3455 837 3501 ro,
852 3456 897 3503 ιη
911 3436 1067 3513 Pygmalion
1082 3448 1174 3488 contra
1190 3452 1237 3487 rex
1255 3432 1298 3486 iu·

238 3525 269 3565 ut
275 3512 435 3585 quicumque
444 3531 553 3565 uxorem
563 3515 636 3567 alteri
643 3512 697 3579 dat,
705 3526 750 3567 aut
790 3516 862 3581 sula,
875 3534 945 3569 nova
955 3517 1039 3589 Tyro.

239 3591 333 3658 filiam,
343 3604 388 3645 aut
401 3610 532 3657 sororem,
544 3595 601 3664 ejus
614 3610 695 3664 gener
707 3592 750 3646 di·
829 3611 868 3646 ra.
887 3594 1019 3646 Involucris
1039 3592 1151 3643 imolae«.
1171 3591 1301 3643 Iavolucrt's

239 3683 321 3723 catur.
335 3688 381 3723 nn.
791 3674 858 3726 milti
876 3686 905 3727 ut
924 3672 1061 3727 Schefsero
1079 3673 1207 3743 glossema
1222 3670 1300 3725 ride-

276 3767 317 3801 ιο.
335 3750 410 3800 Ultro.
423 3746 581 3801 Emendavit
591 3750 613 3801 l.
626 3750 663 3802 M.
678 3750 752 3803 Heu·
792 3764 844 3804 tur.
858 3772 904 3805 nn.

183 3840 189 3849 ·
240 3824 329 3895 ringer
341 3825 452 3879 Emend.
465 3844 526 3898 pag.
539 3846 604 3892 aon,
616 3846 667 3899 pro
678 3830 750 3894 ultra,
830 3831 870 3883 13.
878 3826 1302 3903 Reliqaerar...ltabuerae.htinitaa

241 3902 357 3976 quodob
365 3922 444 3974 praec.
454 3906 554 3977 amplius
562 3924 616 3959 uon
628 3926 695 3979 opus
703 3920 751 3960 eat.
792 3912 908 3980 postulat
919 3912 1052 3984 reliquerit,
1064 3910 1182 3963 tabuerit.
1195 3940 1229 3948 —
1243 3910 1302 3959 Ciet.

241 4013 277 4024 -
292 3982 336 4033 Ad
348 4002 399 4034 eum
411 3986 516 4054 migrare
528 3986 600 4039 nelle.
615 3985 694 4053 Dido,
709 4006 754 4040 cu·
794 3990 848 4041 Aut
858 3990 964 4061 potius,
975 4004 1005 4043 ut
1016 3990 1176 4045 constructio
1189 3998 1304 4051 constet,

240 4064 284 4135 jus
292 4060 402 4113 maritus
413 4062 661 4118 sacerdoallarculis
671 4066 755 4118 lirerat
795 4070 859 4119 ciens
873 4080 939 4134 ome,
958 4082 990 4123 ut
1003 4070 1089 4125 Faber
1101 4086 1163 4123 cum
1179 4069 1303 4121 Beruecc.

243 4142 270 4210 S.
284 4140 314 4207 5,
328 4140 460 4194 habitabat
471 4141 499 4195 in
512 4144 585 4215 Tyro
598 4157 686 4199 vetere
697 4144 755 4212 xl,
795 4147 914 4217 corrigit.
