2967 4684
214 1228 268 1294 11.
287 1193 497 1293 Exsrmcr'o
521 1221 562 1290 in
584 1215 701 1288 Sicilia
726 1217 903 1314 Dionysio
926 1229 1105 1310 tyranno,
1121 1215 1161 1284 in
1177 1213 1299 1284 locmss

241 1335 318 1430 ejus
331 1331 460 1402 milites
474 1331 669 1400 maximum
685 1343 775 1398 natu
789 1353 832 1398 ex
847 1326 928 1397 filiis
945 1327 1040 1422 ejus,
1054 1327 1203 1397 nomine
1218 1327 1302 1396 Dio-

214 1447 407 1540 snysimn,
429 1438 628 1524 suffecere,
652 1450 689 1507 et
711 1451 849 1508 natura:
874 1439 931 1534 jus
954 1440 1118 1535 sequuti,
1141 1452 1178 1508 et
1203 1435 1301 1534 quod

240 1552 380 1624 firmius
395 1549 557 1622 futurum
573 1573 649 1618 esse
665 1572 841 1644 regnum,
856 1552 885 1620 si
906 1573 1019 1647 penes
1034 1573 1150 1619 unum
1163 1571 1303 1620 reman-

242 1667 360 1751 sisset,
377 1685 486 1759 quam
504 1656 533 1730 si
552 1657 784 1758 portionibus
802 1661 898 1730 inter
918 1659 1041 1757 plures
1057 1656 1150 1732 filios
1167 1659 1302 1731 divide-

214 1785 230 1840 3
243 1790 360 1861 retur,
372 1769 652 1844 arbitrabantur.
666 1769 734 1842 Sed
748 1773 946 1868 Dionysius
958 1773 1055 1844 inter
1068 1773 1169 1842 initia
1181 1771 1302 1869 regni,

243 1883 444 1956 avunculos
473 1881 625 1955 fratrum
657 1907 829 1972 suom,
851 1881 962 1954 veluti
987 1881 1133 1955 aemulos
1161 1884 1304 1980 imperii

243 1995 600 2092 sui,hortatoresque
613 2019 811 2093 puerorum
823 1994 869 2065 atl
882 1994 1096 2066 divisionem
1109 1992 1304 2092 regni,tol·

215 2104 317 2182 itere
333 2102 517 2204 gestiebat
534 2107 614 2196 Qua
629 2131 670 2177 re
691 2105 885 2204 paullisper
905 2104 1123 2177 dissimulata
1143 2106 1305 2177 animum

243 2219 344 2316 prius
361 2214 407 2288 ad
418 2214 579 2288 favorem
592 2214 824 2317 popularium
841 2215 1112 2288 conciliandum
1128 2215 1305 2288 intendit:

244 2328 448 2400 excusatius
467 2325 629 2400 facturus
649 2328 751 2427 quod
773 2342 961 2417 statuerat,
979 2329 1009 2399 si
1028 2326 1201 2428 probatus
1223 2341 1307 2398 ante

219 2438 419 2511 somnibus
440 2435 543 2510 foret
564 2442 678 2538 Igitur
700 2463 879 2511 nexorum
899 2441 967 2510 tria
987 2437 1097 2509 millia
1119 2463 1139 2509 e
1164 2461 1306 2508 carcere

247 2551 414 2638 dimittit,
440 2549 578 2620 tributa
603 2549 739 2650 populo
767 2574 832 2647 per
858 2550 1056 2620 triennium
1079 2535 1247 2635 remittit,
1271 2560 1308 2615 et

248 2659 532 2760 quibuscunque
554 2658 802 2736 delinimentis,
823 2673 963 2758 potest,
982 2662 1121 2731 animos
1141 2657 1308 2728 omnium

221 2771 413 2844 ssolicitat.
429 2774 532 2841 Tunc
555 2770 601 2841 ad
619 2769 838 2842 destinatum
857 2769 996 2842 facinus
1015 2792 1209 2843 conversus
1228 2791 1307 2838 non

251 2896 425 2978 cognatos
442 2895 585 2951 tantum
607 2878 779 2970 fratrum,
795 2881 859 2954 sed
875 2883 981 2953 etiam
1000 2883 1097 2980 ipsos
1115 2875 1309 2951 interficit:

287 3055 310 3106 1.
318 3056 594 3125 s.Nautroejus.Bene,
604 3073 762 3129 quamnam
802 3055 945 3130 Dionysius
957 3054 1028 3106 enim
1040 3066 1114 3126 pater
1126 3071 1158 3105 ex
1168 3053 1309 3104 Aristoma·

252 3131 372 3204 plerique
388 3145 451 3186 vett.
472 3145 580 3184 sacuam
596 3137 648 3202 jus.
669 3153 715 3187 ns.
727 3165 762 3175 -
803 3134 866 3200 che,
890 3134 984 3186 Dionis
1011 3149 1101 3186 sorore
1130 3141 1312 3202 procreaverat

252 3210 363 3280 Respice
385 3209 469 3274 XVI,
490 3230 519 3275 s,
539 3228 572 3280 73
593 3209 708 3276 11‚10‚
728 3229 762 3277 a,
802 3213 979 3284 Hipparinum
988 3224 1014 3265 et
1023 3211 1202 3283 Nysaeumex
1213 3205 1313 3260 Doride

254 3287 387 3352 XXXIV,
401 3286 432 3352 3,
450 3285 619 3357 7;xL1,s,
639 3289 762 3352 1130011.
803 3290 960 3365 Dionysium
971 3292 1057 3354 hunc,
1074 3289 1155 3342 Corn.
1174 3287 1214 3352 X,
1234 3305 1263 3350 1,
1280 3303 1312 3352 ¹3

253 3364 392 3429 XXXIX,
411 3366 442 3428 3,
463 3364 489 3415 3.
510 3364 660 3418 Verborum
677 3378 764 3418 autem
805 3367 885 3422 Diod.
898 3368 981 3433 XVI,
995 3372 1027 3432 63
1041 3367 1173 3420 Plutarch.
1187 3364 1215 3418 in
1233 3363 1313 3416 Dion.

254 3442 417 3512 constructio
429 3441 486 3494 boc
503 3453 542 3494 est
556 3462 563 3494 ε
576 3443 671 3496 milites
683 3444 764 3496 sulfe-
806 3447 831 3500 3.
842 3447 912 3499 Dion
922 3459 1008 3500 autem
1015 3448 1070 3519 jum
1083 3463 1144 3496 cum
1155 3439 1314 3496 moribundo

255 3539 335 3587 cere,
357 3521 461 3592 sequuti
484 3520 548 3591 (qui
569 3522 764 3592 sequebantur,
805 3524 852 3577 illo
863 3525 991 3596 Dionysio
1011 3523 1126 3595 colloqui
1144 3523 1263 3575 voluerut
1280 3516 1315 3570 de

255 3597 330 3672 quod
346 3599 554 3671 sequebantur),
568 3611 595 3651 st
606 3598 679 3670 quod
696 3600 765 3652 urbi·
806 3600 945 3673 partiendo
956 3619 1056 3674 regno,
1070 3598 1143 3673 quod
1156 3599 1254 3652 sororis
1264 3615 1316 3648 suus

258 3675 410 3730 trabuntur:
423 3696 474 3748 pro
487 3677 582 3748 quibus
593 3674 697 3730 duobus
706 3695 766 3730 ver·
806 3679 874 3732 lilios
886 3697 918 3733 ex
925 3679 972 3732 illo
985 3691 1059 3732 natos
1070 3691 1171 3750 purtem
1179 3676 1254 3748 regni
1264 3692 1317 3746 pu·

259 3755 299 3807 bis
323 3756 513 3826 posterioribus
541 3768 650 3821 aanor,
672 3757 693 3808 si
717 3757 767 3809 sibi
807 3759 876 3811 tubat
886 3756 982 3811 debere
991 3759 1101 3823 habere,
1112 3757 1193 3810 Corn.
1204 3754 1244 3819 X,
1253 3773 1278 3818 ι,
1290 3759 1316 3815 4.

260 3843 377 3884 constare
389 3833 532 3898 voluisset,
544 3851 644 3906 ponere
662 3831 767 3888 debuis-
843 3843 867 3899 4.
886 3843 1008 3889 Faenum.
1025 3837 1122 3890 Putsus
1140 3853 1168 3888 se
1187 3834 1318 3887 iacturum

260 3921 315 3974 Μ,
327 3909 443 3965 arbinuti.
808 3933 871 3969 esse.
886 3915 985 3970 Confer
995 3915 1113 3978 XIV,r,
1127 3933 1153 3984 7.

295 3987 321 4039 3.
340 3988 473 4039 Avunculus
488 3989 594 4054 frustrum
610 4009 714 4042 mnan.
734 3989 769 4044 In
845 3995 869 4046 5.
887 3994 983 4046 Tributu
990 3993 1080 4064 populo
1087 4012 1135 4063 per
1144 3993 1269 4043 triennium
1279 4007 1319 4040 rs·

261 4065 302 4117 his
314 4065 441 4128 Dionem,
454 4067 498 4136 qui
518 4086 572 4119 non
585 4067 705 4139 Dionysii
726 4068 769 4139 ip·
785 4127 790 4142 Ι
809 4073 886 4124 mitit.
904 4077 999 4124 Fratres
1017 4082 1124 4136 πνοιαὶ,
1146 4067 1220 4124 addit
1236 4067 1322 4122 editio

261 4142 768 4214 riuusedejustnuumsvuncutusemt.
809 4149 924 4202 Juntina.
