<?xml version="1.0" encoding="UTF-8"?>
<!DOCTYPE html PUBLIC "-//W3C//DTD XHTML 1.0 Transitional//EN"
    "http://www.w3.org/TR/xhtml1/DTD/xhtml1-transitional.dtd">
<html xmlns="http://www.w3.org/1999/xhtml" xml:lang="en" lang="en">
 <head>
  <title>
</title>
<meta http-equiv="Content-Type" content="text/html;charset=utf-8" />
  <meta name='ocr-system' content='tesseract 3.04.00' />
  <meta name='ocr-capabilities' content='ocr_page ocr_carea ocr_par ocr_line ocrx_word'/>
</head>
<body>
  <div class='ocr_page' id='page_1' title='image "./justinihistoria00lemagoog_0387.png"; bbox 0 0 2967 4684; ppageno 0'>
   <div class='ocr_carea' id='block_1_1' title="bbox 239 329 868 432">
    <p class='ocr_par' dir='ltr' id='par_1_1' title="bbox 239 329 868 432">
     <span class='ocr_line' id='line_1_1' title="bbox 239 329 868 432; baseline -0.01 -1"><span class='ocrx_word' id='word_1_1' title='bbox 239 355 309 432; x_wconf 76' lang='lat'><strong>352</strong></span> <span class='ocrx_word' id='word_1_2' title='bbox 655 329 868 428; x_wconf 79' lang='lat' dir='ltr'><strong>rusirru</strong></span> 
     </span>
    </p>
   </div>
   <div class='ocr_carea' id='block_1_2' title="bbox 191 475 1298 2339">
    <p class='ocr_par' dir='ltr' id='par_1_2' title="bbox 191 475 1298 799">
     <span class='ocr_line' id='line_1_2' title="bbox 191 475 1298 576; baseline 0.001 -25"><span class='ocrx_word' id='word_1_3' title='bbox 191 515 222 551; x_wconf 80' lang='lat' dir='ltr'><strong>n</strong></span> <span class='ocrx_word' id='word_1_4' title='bbox 239 480 348 552; x_wconf 92' lang='lat' dir='ltr'><strong>dione</strong></span> <span class='ocrx_word' id='word_1_5' title='bbox 371 477 513 566; x_wconf 87' lang='lat' dir='ltr'><strong>hostes,</strong></span> <span class='ocrx_word' id='word_1_6' title='bbox 535 502 647 576; x_wconf 88' lang='lat' dir='ltr'><strong>quum</strong></span> <span class='ocrx_word' id='word_1_7' title='bbox 669 503 733 552; x_wconf 84' lang='lat' dir='ltr'><strong>sua</strong></span> <span class='ocrx_word' id='word_1_8' title='bbox 753 490 960 575; x_wconf 84' lang='lat' dir='ltr'><strong>urgeantur.</strong></span> <span class='ocrx_word' id='word_1_9' title='bbox 978 478 1165 574; x_wconf 84' lang='lat' dir='ltr'><strong>Nusquam</strong></span> <span class='ocrx_word' id='word_1_10' title='bbox 1186 475 1298 574; x_wconf 78' lang='lat' dir='ltr'><strong>igitur</strong></span> 
     </span>
     <span class='ocr_line' id='line_1_3' title="bbox 238 586 1296 687; baseline -0.005 -26"><span class='ocrx_word' id='word_1_11' title='bbox 238 589 323 661; x_wconf 87' lang='lat' dir='ltr'><strong>alibi</strong></span> <span class='ocrx_word' id='word_1_12' title='bbox 343 588 480 661; x_wconf 86' lang='lat' dir='ltr'><strong>facilius</strong></span> <span class='ocrx_word' id='word_1_13' title='bbox 498 587 651 677; x_wconf 89' lang='lat' dir='ltr'><strong>bellum,</strong></span> <span class='ocrx_word' id='word_1_14' title='bbox 669 590 732 661; x_wconf 92' lang='lat' dir='ltr'><strong>sed</strong></span> <span class='ocrx_word' id='word_1_15' title='bbox 750 613 819 660; x_wconf 90' lang='lat' dir='ltr'><strong>nec</strong></span> <span class='ocrx_word' id='word_1_16' title='bbox 837 587 994 687; x_wconf 80' lang='lat' dir='ltr'><strong>praedam</strong></span> <span class='ocrx_word' id='word_1_17' title='bbox 1012 586 1217 659; x_wconf 85' lang='lat' dir='ltr'><strong>uberiorem</strong></span> <span class='ocrx_word' id='word_1_18' title='bbox 1238 589 1296 657; x_wconf 91' lang='lat' dir='ltr'><strong>in·</strong></span> 
     </span>
     <span class='ocr_line' id='line_1_4' title="bbox 237 692 1296 799; baseline -0.006 -27"><span class='ocrx_word' id='word_1_19' title='bbox 237 702 354 772; x_wconf 89' lang='lat' dir='ltr'><strong>veniri</strong></span> <span class='ocrx_word' id='word_1_20' title='bbox 364 725 478 798; x_wconf 89' lang='lat' dir='ltr'><strong>posse.</strong></span> <span class='ocrx_word' id='word_1_21' title='bbox 489 703 598 786; x_wconf 83' lang='lat' dir='ltr'><strong>Nam,</strong></span> <span class='ocrx_word' id='word_1_22' title='bbox 613 715 717 799; x_wconf 87' lang='lat' dir='ltr'><strong>capta</strong></span> <span class='ocrx_word' id='word_1_23' title='bbox 729 692 964 796; x_wconf 55' lang='lat' dir='ltr'><strong>Carthagine3</strong></span> <span class='ocrx_word' id='word_1_24' title='bbox 979 722 1126 769; x_wconf 90' lang='lat' dir='ltr'><strong>omnem</strong></span> <span class='ocrx_word' id='word_1_25' title='bbox 1138 695 1296 768; x_wconf 81' lang='lat' dir='ltr'><strong>Africam</strong></span> 
     </span>
    </p>

    <p class='ocr_par' dir='ltr' id='par_1_3' title="bbox 194 807 1296 1460">
     <span class='ocr_line' id='line_1_5' title="bbox 194 807 1296 909; baseline 0.001 -32"><span class='ocrx_word' id='word_1_26' title='bbox 194 841 224 877; x_wconf 81' lang='lat' dir='ltr'><strong>n</strong></span> <span class='ocrx_word' id='word_1_27' title='bbox 238 811 464 907; x_wconf 88' lang='lat' dir='ltr'><strong>Siciliamque</strong></span> <span class='ocrx_word' id='word_1_28' title='bbox 489 811 676 909; x_wconf 79' lang='lat' dir='ltr'><strong>praemium</strong></span> <span class='ocrx_word' id='word_1_29' title='bbox 699 812 879 880; x_wconf 84' lang='lat' dir='ltr'><strong>victorum</strong></span> <span class='ocrx_word' id='word_1_30' title='bbox 901 807 988 880; x_wconf 88' lang='lat' dir='ltr'><strong>lore.</strong></span> <span class='ocrx_word' id='word_1_31' title='bbox 1011 808 1173 879; x_wconf 82' lang='lat' dir='ltr'><strong>Gloriam</strong></span> <span class='ocrx_word' id='word_1_32' title='bbox 1197 823 1296 879; x_wconf 84' lang='lat' dir='ltr'><strong>certe</strong></span> 
     </span>
     <span class='ocr_line' id='line_1_6' title="bbox 237 919 1295 1008; baseline -0.003 -15"><span class='ocrx_word' id='word_1_33' title='bbox 237 935 311 1008; x_wconf 85' lang='lat' dir='ltr'><strong>tam</strong></span> <span class='ocrx_word' id='word_1_34' title='bbox 327 920 488 991; x_wconf 78' lang='lat' dir='ltr'><strong>honestae</strong></span> <span class='ocrx_word' id='word_1_35' title='bbox 502 919 636 992; x_wconf 75' lang='lat' dir='ltr'><strong>militiae</strong></span> <span class='ocrx_word' id='word_1_36' title='bbox 652 934 791 992; x_wconf 85' lang='lat' dir='ltr'><strong>tantam</strong></span> <span class='ocrx_word' id='word_1_37' title='bbox 809 923 848 990; x_wconf 92' lang='lat' dir='ltr'><strong>in</strong></span> <span class='ocrx_word' id='word_1_38' title='bbox 867 945 976 991; x_wconf 90' lang='lat' dir='ltr'><strong>omne</strong></span> <span class='ocrx_word' id='word_1_39' title='bbox 992 945 1107 990; x_wconf 80' lang='lat' dir='ltr'><strong>aevum</strong></span> <span class='ocrx_word' id='word_1_40' title='bbox 1121 919 1295 1006; x_wconf 86' lang='lat' dir='ltr'><strong>futuram,</strong></span> 
     </span>
     <span class='ocr_line' id='line_1_7' title="bbox 236 1027 1295 1129; baseline -0.004 -26"><span class='ocrx_word' id='word_1_41' title='bbox 236 1047 278 1104; x_wconf 92' lang='lat' dir='ltr'><strong>ut</strong></span> <span class='ocrx_word' id='word_1_42' title='bbox 297 1033 481 1102; x_wconf 90' lang='lat' dir='ltr'><strong>terminari</strong></span> <span class='ocrx_word' id='word_1_43' title='bbox 500 1030 601 1102; x_wconf 91' lang='lat' dir='ltr'><strong>nullo</strong></span> <span class='ocrx_word' id='word_1_44' title='bbox 619 1046 782 1129; x_wconf 87' lang='lat' dir='ltr'><strong>tempore</strong></span> <span class='ocrx_word' id='word_1_45' title='bbox 801 1029 984 1102; x_wconf 91' lang='lat' dir='ltr'><strong>oblivione</strong></span> <span class='ocrx_word' id='word_1_46' title='bbox 998 1031 1131 1129; x_wconf 88' lang='lat' dir='ltr'><strong>possit:</strong></span> <span class='ocrx_word' id='word_1_47' title='bbox 1144 1043 1186 1100; x_wconf 91' lang='lat' dir='ltr'><strong>ut</strong></span> <span class='ocrx_word' id='word_1_48' title='bbox 1199 1027 1295 1100; x_wconf 89' lang='lat' dir='ltr'><strong>dica·</strong></span> 
     </span>
     <span class='ocr_line' id='line_1_8' title="bbox 236 1138 1296 1240; baseline -0.006 -26"><span class='ocrx_word' id='word_1_49' title='bbox 236 1157 316 1230; x_wconf 88' lang='lat' dir='ltr'><strong>tur,</strong></span> <span class='ocrx_word' id='word_1_50' title='bbox 333 1167 395 1214; x_wconf 90' lang='lat' dir='ltr'><strong>eos</strong></span> <span class='ocrx_word' id='word_1_51' title='bbox 412 1141 509 1214; x_wconf 90' lang='lat' dir='ltr'><strong>solos</strong></span> <span class='ocrx_word' id='word_1_52' title='bbox 527 1142 734 1213; x_wconf 84' lang='lat' dir='ltr'><strong>mortalium</strong></span> <span class='ocrx_word' id='word_1_53' title='bbox 756 1166 852 1230; x_wconf 90' lang='lat' dir='ltr'><strong>esse,</strong></span> <span class='ocrx_word' id='word_1_54' title='bbox 873 1142 937 1238; x_wconf 84' lang='lat' dir='ltr'><strong>qui</strong></span> <span class='ocrx_word' id='word_1_55' title='bbox 959 1138 1172 1240; x_wconf 35' lang='lat' dir='ltr'><strong>bellagquae</strong></span> <span class='ocrx_word' id='word_1_56' title='bbox 1195 1139 1296 1210; x_wconf 89' lang='lat' dir='ltr'><strong>domi</strong></span> 
     </span>
     <span class='ocr_line' id='line_1_9' title="bbox 237 1250 1296 1350; baseline -0.003 -28"><span class='ocrx_word' id='word_1_57' title='bbox 237 1250 331 1324; x_wconf 85' lang='lat' dir='ltr'><strong>ferre</strong></span> <span class='ocrx_word' id='word_1_58' title='bbox 348 1278 426 1324; x_wconf 91' lang='lat' dir='ltr'><strong>non</strong></span> <span class='ocrx_word' id='word_1_59' title='bbox 444 1267 633 1350; x_wconf 74' lang='lat' dir='ltr'><strong>poterant,</strong></span> <span class='ocrx_word' id='word_1_60' title='bbox 650 1251 696 1322; x_wconf 84' lang='lat' dir='ltr'><strong>ad</strong></span> <span class='ocrx_word' id='word_1_61' title='bbox 713 1251 837 1324; x_wconf 90' lang='lat' dir='ltr'><strong>hostes</strong></span> <span class='ocrx_word' id='word_1_62' title='bbox 854 1250 1120 1336; x_wconf 84' lang='lat' dir='ltr'><strong>transtulerint,</strong></span> <span class='ocrx_word' id='word_1_63' title='bbox 1136 1250 1296 1345; x_wconf 83' lang='lat' dir='ltr'><strong>victique</strong></span> 
     </span>
     <span class='ocr_line' id='line_1_10' title="bbox 237 1357 1296 1460; baseline -0.006 -26"><span class='ocrx_word' id='word_1_64' title='bbox 237 1365 391 1434; x_wconf 85' lang='lat' dir='ltr'><strong>victores</strong></span> <span class='ocrx_word' id='word_1_65' title='bbox 408 1364 593 1460; x_wconf 90' lang='lat' dir='ltr'><strong>insequuti</strong></span> <span class='ocrx_word' id='word_1_66' title='bbox 607 1365 700 1450; x_wconf 85' lang='lat' dir='ltr'><strong>sint,</strong></span> <span class='ocrx_word' id='word_1_67' title='bbox 714 1378 751 1433; x_wconf 91' lang='lat' dir='ltr'><strong>et</strong></span> <span class='ocrx_word' id='word_1_68' title='bbox 764 1361 971 1434; x_wconf 85' lang='lat' dir='ltr'><strong>obsessores</strong></span> <span class='ocrx_word' id='word_1_69' title='bbox 985 1358 1086 1432; x_wconf 86' lang='lat' dir='ltr'><strong>urhis</strong></span> <span class='ocrx_word' id='word_1_70' title='bbox 1102 1383 1174 1430; x_wconf 85' lang='lat' dir='ltr'><strong>suae</strong></span> <span class='ocrx_word' id='word_1_71' title='bbox 1190 1357 1296 1429; x_wconf 89' lang='lat' dir='ltr'><strong>obse·</strong></span> 
     </span>
    </p>

    <p class='ocr_par' dir='ltr' id='par_1_4' title="bbox 191 1466 1297 1874">
     <span class='ocr_line' id='line_1_11' title="bbox 191 1466 1296 1569; baseline -0.006 -25"><span class='ocrx_word' id='word_1_72' title='bbox 191 1482 224 1538; x_wconf 77' lang='lat'><strong>13</strong></span> <span class='ocrx_word' id='word_1_73' title='bbox 237 1472 366 1546; x_wconf 89' lang='lat' dir='ltr'><strong>derint.</strong></span> <span class='ocrx_word' id='word_1_74' title='bbox 391 1473 569 1544; x_wconf 87' lang='lat' dir='ltr'><strong>Omnibus</strong></span> <span class='ocrx_word' id='word_1_75' title='bbox 595 1473 702 1569; x_wconf 91' lang='lat' dir='ltr'><strong>igitur</strong></span> <span class='ocrx_word' id='word_1_76' title='bbox 727 1470 813 1543; x_wconf 82' lang='lat' dir='ltr'><strong>lorti</strong></span> <span class='ocrx_word' id='word_1_77' title='bbox 842 1497 884 1542; x_wconf 91' lang='lat' dir='ltr'><strong>ae</strong></span> <span class='ocrx_word' id='word_1_78' title='bbox 910 1471 991 1542; x_wconf 89' lang='lat' dir='ltr'><strong>laeto</strong></span> <span class='ocrx_word' id='word_1_79' title='bbox 1013 1471 1135 1540; x_wconf 90' lang='lat' dir='ltr'><strong>animo</strong></span> <span class='ocrx_word' id='word_1_80' title='bbox 1158 1466 1296 1538; x_wconf 91' lang='lat' dir='ltr'><strong>bellum</strong></span> 
     </span>
     <span class='ocr_line' id='line_1_12' title="bbox 235 1579 1297 1681; baseline -0.007 -26"><span class='ocrx_word' id='word_1_81' title='bbox 235 1583 457 1668; x_wconf 90' lang='lat' dir='ltr'><strong>ineundum,</strong></span> <span class='ocrx_word' id='word_1_82' title='bbox 484 1607 558 1679; x_wconf 91' lang='lat' dir='ltr'><strong>quo</strong></span> <span class='ocrx_word' id='word_1_83' title='bbox 586 1581 728 1653; x_wconf 87' lang='lat' dir='ltr'><strong>nullum</strong></span> <span class='ocrx_word' id='word_1_84' title='bbox 755 1583 852 1654; x_wconf 88' lang='lat' dir='ltr'><strong>aliud</strong></span> <span class='ocrx_word' id='word_1_85' title='bbox 881 1584 994 1681; x_wconf 88' lang='lat' dir='ltr'><strong>possit</strong></span> <span class='ocrx_word' id='word_1_86' title='bbox 1021 1594 1082 1652; x_wconf 89' lang='lat' dir='ltr'><strong>aut</strong></span> <span class='ocrx_word' id='word_1_87' title='bbox 1107 1579 1297 1678; x_wconf 80' lang='lat' dir='ltr'><strong>proemium</strong></span> 
     </span>
     <span class='ocr_line' id='line_1_13' title="bbox 234 1688 1295 1789; baseline -0.005 -26"><span class='ocrx_word' id='word_1_88' title='bbox 234 1693 434 1764; x_wconf 86' lang='lat' dir='ltr'><strong>victoribus</strong></span> <span class='ocrx_word' id='word_1_89' title='bbox 451 1691 615 1779; x_wconf 87' lang='lat' dir='ltr'><strong>uberius,</strong></span> <span class='ocrx_word' id='word_1_90' title='bbox 629 1704 692 1762; x_wconf 86' lang='lat' dir='ltr'><strong>aut</strong></span> <span class='ocrx_word' id='word_1_91' title='bbox 707 1694 810 1762; x_wconf 88' lang='lat' dir='ltr'><strong>victis</strong></span> <span class='ocrx_word' id='word_1_92' title='bbox 828 1703 1108 1761; x_wconf 89' lang='lat' dir='ltr'><strong>monumentum</strong></span> <span class='ocrx_word' id='word_1_93' title='bbox 1124 1688 1295 1789; x_wconf 83' lang='lat' dir='ltr'><strong>illustrius</strong></span> 
     </span>
     <span class='ocr_line' id='line_1_14' title="bbox 237 1801 361 1874; baseline -0.04 -1"><span class='ocrx_word' id='word_1_94' title='bbox 237 1801 361 1874; x_wconf 78' lang='lat' dir='ltr'><strong>dare.»</strong></span> 
     </span>
    </p>

    <p class='ocr_par' dir='ltr' id='par_1_5' title="bbox 208 1906 1297 2339">
     <span class='ocr_line' id='line_1_15' title="bbox 209 1906 1297 2009; baseline -0.008 -23"><span class='ocrx_word' id='word_1_95' title='bbox 209 1939 222 1976; x_wconf 86' lang='lat'>1</span> <span class='ocrx_word' id='word_1_96' title='bbox 284 1918 341 1986; x_wconf 87' lang='lat' dir='ltr'><strong>VI.</strong></span> <span class='ocrx_word' id='word_1_97' title='bbox 356 1913 419 1984; x_wconf 90' lang='lat' dir='ltr'><strong>His</strong></span> <span class='ocrx_word' id='word_1_98' title='bbox 434 1908 581 2009; x_wconf 89' lang='lat' dir='ltr'><strong>quidem</strong></span> <span class='ocrx_word' id='word_1_99' title='bbox 598 1906 913 1981; x_wconf 83' lang='lat' dir='ltr'><strong>adhortationibus</strong></span> <span class='ocrx_word' id='word_1_100' title='bbox 926 1910 1037 1979; x_wconf 86' lang='lat' dir='ltr'><strong>animi</strong></span> <span class='ocrx_word' id='word_1_101' title='bbox 1054 1908 1208 1978; x_wconf 88' lang='lat' dir='ltr'><strong>rnilitum</strong></span> <span class='ocrx_word' id='word_1_102' title='bbox 1224 1908 1297 1977; x_wconf 88' lang='lat' dir='ltr'><strong>eri-</strong></span> 
     </span>
     <span class='ocr_line' id='line_1_16' title="bbox 235 2017 1296 2118; baseline -0.006 -24"><span class='ocrx_word' id='word_1_103' title='bbox 235 2021 415 2118; x_wconf 87' lang='lat' dir='ltr'><strong>gebantur</strong></span> <span class='ocrx_word' id='word_1_104' title='bbox 428 2049 436 2090; x_wconf 93' lang='lat'><strong>:</strong></span> <span class='ocrx_word' id='word_1_105' title='bbox 450 2019 513 2092; x_wconf 91' lang='lat' dir='ltr'><strong>sed</strong></span> <span class='ocrx_word' id='word_1_106' title='bbox 528 2017 687 2112; x_wconf 83' lang='lat' dir='ltr'><strong>terrebat</strong></span> <span class='ocrx_word' id='word_1_107' title='bbox 701 2044 763 2091; x_wconf 89' lang='lat' dir='ltr'><strong>eos</strong></span> <span class='ocrx_word' id='word_1_108' title='bbox 779 2019 941 2117; x_wconf 90' lang='lat' dir='ltr'><strong>portenti</strong></span> <span class='ocrx_word' id='word_1_109' title='bbox 958 2019 1101 2116; x_wconf 90' lang='lat' dir='ltr'><strong>religio,</strong></span> <span class='ocrx_word' id='word_1_110' title='bbox 1116 2018 1216 2116; x_wconf 92' lang='lat' dir='ltr'><strong>quod</strong></span> <span class='ocrx_word' id='word_1_111' title='bbox 1234 2042 1296 2088; x_wconf 91' lang='lat' dir='ltr'><strong>na·</strong></span> 
     </span>
     <span class='ocr_line' id='line_1_17' title="bbox 208 2127 1297 2228; baseline 0.001 -31"><span class='ocrx_word' id='word_1_112' title='bbox 208 2129 439 2228; x_wconf 64' lang='lat' dir='ltr'><strong>‚rigantibus</strong></span> <span class='ocrx_word' id='word_1_113' title='bbox 457 2131 507 2200; x_wconf 87' lang='lat' dir='ltr'><strong>eis</strong></span> <span class='ocrx_word' id='word_1_114' title='bbox 527 2130 581 2202; x_wconf 93' lang='lat' dir='ltr'><strong>sol</strong></span> <span class='ocrx_word' id='word_1_115' title='bbox 604 2127 792 2202; x_wconf 81' lang='lat' dir='ltr'><strong>deiecerat</strong></span> <span class='ocrx_word' id='word_1_116' title='bbox 813 2129 924 2225; x_wconf 84' lang='lat' dir='ltr'><strong>Cujus</strong></span> <span class='ocrx_word' id='word_1_117' title='bbox 944 2133 997 2200; x_wconf 87' lang='lat' dir='ltr'><strong>rei</strong></span> <span class='ocrx_word' id='word_1_118' title='bbox 1014 2133 1194 2201; x_wconf 90' lang='lat' dir='ltr'><strong>rationem</strong></span> <span class='ocrx_word' id='word_1_119' title='bbox 1216 2153 1297 2200; x_wconf 90' lang='lat' dir='ltr'><strong>non</strong></span> 
     </span>
     <span class='ocr_line' id='line_1_18' title="bbox 235 2240 1296 2339; baseline 0.001 -27"><span class='ocrx_word' id='word_1_120' title='bbox 235 2243 378 2314; x_wconf 89' lang='lat' dir='ltr'><strong>minore</strong></span> <span class='ocrx_word' id='word_1_121' title='bbox 400 2267 487 2314; x_wconf 86' lang='lat' dir='ltr'><strong>cura</strong></span> <span class='ocrx_word' id='word_1_122' title='bbox 504 2268 588 2332; x_wconf 84' lang='lat' dir='ltr'><strong>rex,</strong></span> <span class='ocrx_word' id='word_1_123' title='bbox 608 2265 717 2339; x_wconf 87' lang='lat' dir='ltr'><strong>quam</strong></span> <span class='ocrx_word' id='word_1_124' title='bbox 739 2240 845 2329; x_wconf 84' lang='lat' dir='ltr'><strong>belli,</strong></span> <span class='ocrx_word' id='word_1_125' title='bbox 864 2241 1058 2330; x_wconf 87' lang='lat' dir='ltr'><strong>reddebat,</strong></span> <span class='ocrx_word' id='word_1_126' title='bbox 1081 2240 1296 2331; x_wconf 83' lang='lat' dir='ltr'><strong>adfirmans,</strong></span> 
     </span>
    </p>
   </div>
   <div class='ocr_carea' id='block_1_3' title="bbox 179 2351 1297 2673">
    <p class='ocr_par' dir='ltr' id='par_1_6' title="bbox 179 2351 1297 2673">
     <span class='ocr_line' id='line_1_19' title="bbox 179 2351 1297 2452; baseline 0 -30"><span class='ocrx_word' id='word_1_127' title='bbox 179 2389 181 2400; x_wconf 36' lang='grc' dir='ltr'><strong><em>ι</em></strong></span> <span class='ocrx_word' id='word_1_128' title='bbox 236 2382 254 2422; x_wconf 85' lang='lat'><strong>«</strong></span> <span class='ocrx_word' id='word_1_129' title='bbox 271 2353 302 2423; x_wconf 89' lang='lat' dir='ltr'><strong>si</strong></span> <span class='ocrx_word' id='word_1_130' title='bbox 316 2354 437 2452; x_wconf 85' lang='lat' dir='ltr'><strong>prius,</strong></span> <span class='ocrx_word' id='word_1_131' title='bbox 455 2377 563 2452; x_wconf 90' lang='lat' dir='ltr'><strong>quam</strong></span> <span class='ocrx_word' id='word_1_132' title='bbox 580 2351 918 2451; x_wconf 84' lang='lat' dir='ltr'><strong>proficiscerentur,</strong></span> <span class='ocrx_word' id='word_1_133' title='bbox 933 2351 1068 2425; x_wconf 85' lang='lat' dir='ltr'><strong>factum</strong></span> <span class='ocrx_word' id='word_1_134' title='bbox 1084 2368 1196 2441; x_wconf 86' lang='lat' dir='ltr'><strong>esset,</strong></span> <span class='ocrx_word' id='word_1_135' title='bbox 1213 2377 1297 2423; x_wconf 88' lang='lat' dir='ltr'><strong>cre-</strong></span> 
     </span>
     <span class='ocr_line' id='line_1_20' title="bbox 236 2461 1297 2563; baseline 0.001 -30"><span class='ocrx_word' id='word_1_136' title='bbox 236 2461 397 2534; x_wconf 90' lang='lat' dir='ltr'><strong>diturum</strong></span> <span class='ocrx_word' id='word_1_137' title='bbox 408 2462 597 2535; x_wconf 88' lang='lat' dir='ltr'><strong>adversum</strong></span> <span class='ocrx_word' id='word_1_138' title='bbox 610 2463 840 2561; x_wconf 89' lang='lat' dir='ltr'><strong>profecturos</strong></span> <span class='ocrx_word' id='word_1_139' title='bbox 853 2464 1058 2563; x_wconf 89' lang='lat' dir='ltr'><strong>prodigium</strong></span> <span class='ocrx_word' id='word_1_140' title='bbox 1068 2487 1146 2536; x_wconf 87' lang='lat' dir='ltr'><strong>esse</strong></span> <span class='ocrx_word' id='word_1_141' title='bbox 1158 2492 1166 2534; x_wconf 92' lang='lat'>:</span> <span class='ocrx_word' id='word_1_142' title='bbox 1178 2486 1279 2535; x_wconf 88' lang='lat' dir='ltr'><strong>nunc</strong></span> <span class='ocrx_word' id='word_1_143' title='bbox 1285 2516 1297 2552; x_wconf 86' lang='lat'><em>‚</em></span> 
     </span>
     <span class='ocr_line' id='line_1_21' title="bbox 237 2572 1294 2673; baseline 0.001 -30"><span class='ocrx_word' id='word_1_144' title='bbox 237 2574 320 2670; x_wconf 91' lang='lat' dir='ltr'><strong>quia</strong></span> <span class='ocrx_word' id='word_1_145' title='bbox 345 2575 495 2670; x_wconf 85' lang='lat' dir='ltr'><strong>egressis</strong></span> <span class='ocrx_word' id='word_1_146' title='bbox 519 2572 708 2664; x_wconf 86' lang='lat' dir='ltr'><strong>acciderit,</strong></span> <span class='ocrx_word' id='word_1_147' title='bbox 727 2576 816 2663; x_wconf 86' lang='lat' dir='ltr'><strong>illis,</strong></span> <span class='ocrx_word' id='word_1_148' title='bbox 832 2573 879 2646; x_wconf 88' lang='lat' dir='ltr'><strong>ad</strong></span> <span class='ocrx_word' id='word_1_149' title='bbox 897 2599 990 2672; x_wconf 88' lang='lat' dir='ltr'><strong>quos</strong></span> <span class='ocrx_word' id='word_1_150' title='bbox 1008 2590 1125 2662; x_wconf 88' lang='lat' dir='ltr'><strong>eatur,</strong></span> <span class='ocrx_word' id='word_1_151' title='bbox 1144 2588 1294 2673; x_wconf 89' lang='lat' dir='ltr'><strong>porten-</strong></span> 
     </span>
    </p>
   </div>
   <div class='ocr_carea' id='block_1_4' title="bbox 227 2731 1295 3040">
    <p class='ocr_par' dir='ltr' id='par_1_7' title="bbox 232 2731 1294 2886">
     <span class='ocr_line' id='line_1_22' title="bbox 232 2731 1294 2807; baseline -0.001 -22"><span class='ocrx_word' id='word_1_152' title='bbox 232 2745 348 2804; x_wconf 54' lang='grc' dir='ltr'><strong>ρωπίαν,</strong></span> <span class='ocrx_word' id='word_1_153' title='bbox 361 2751 445 2806; x_wconf 85' lang='lat' dir='ltr'><strong>quum</strong></span> <span class='ocrx_word' id='word_1_154' title='bbox 456 2733 484 2786; x_wconf 85' lang='lat' dir='ltr'><strong>in</strong></span> <span class='ocrx_word' id='word_1_155' title='bbox 494 2751 540 2788; x_wconf 73' lang='lat' dir='ltr'><strong>ma</strong></span> <span class='ocrx_word' id='word_1_156' title='bbox 547 2734 599 2807; x_wconf 80' lang='lat' dir='ltr'><strong>ipsi</strong></span> <span class='ocrx_word' id='word_1_157' title='bbox 609 2745 678 2788; x_wconf 80' lang='lat' dir='ltr'><strong>terra</strong></span> <span class='ocrx_word' id='word_1_158' title='bbox 688 2753 746 2807; x_wconf 84' lang='lat' dir='ltr'><strong>gra·</strong></span> <span class='ocrx_word' id='word_1_159' title='bbox 784 2734 950 2807; x_wconf 73' lang='lat' dir='ltr'><strong>Politiqueda</strong></span> <span class='ocrx_word' id='word_1_160' title='bbox 957 2733 1132 2787; x_wconf 71' lang='lat' dir='ltr'><strong>aomatnsdm</strong></span> <span class='ocrx_word' id='word_1_161' title='bbox 1139 2731 1294 2801; x_wconf 79' lang='lat' dir='ltr'><strong>lalleligion:</strong></span> 
     </span>
     <span class='ocr_line' id='line_1_23' title="bbox 234 2809 1293 2886; baseline -0.005 -20"><span class='ocrx_word' id='word_1_162' title='bbox 234 2811 302 2866; x_wconf 83' lang='lat' dir='ltr'><strong>viter</strong></span> <span class='ocrx_word' id='word_1_163' title='bbox 315 2809 491 2864; x_wconf 75' lang='lat' dir='ltr'><strong>obsideantur.</strong></span> <span class='ocrx_word' id='word_1_164' title='bbox 785 2839 796 2860; x_wconf 80' lang='grc' dir='ltr'>ι</span> <span class='ocrx_word' id='word_1_165' title='bbox 808 2817 892 2885; x_wconf 75' lang='lat' dir='ltr'><strong>siper</strong></span> <span class='ocrx_word' id='word_1_166' title='bbox 903 2814 995 2865; x_wconf 70' lang='lat' dir='ltr'><strong>hasard</strong></span> <span class='ocrx_word' id='word_1_167' title='bbox 1005 2813 1103 2886; x_wconf 75' lang='lat' dir='ltr'><strong>quelque</strong></span> <span class='ocrx_word' id='word_1_168' title='bbox 1119 2814 1222 2862; x_wconf 59' lang='lat' dir='ltr'><strong>mausus</strong></span> <span class='ocrx_word' id='word_1_169' title='bbox 1233 2814 1293 2882; x_wconf 63' lang='lat' dir='ltr'><strong>prd-</strong></span> 
     </span>
    </p>

    <p class='ocr_par' dir='ltr' id='par_1_8' title="bbox 227 2879 1295 3040">
     <span class='ocr_line' id='line_1_24' title="bbox 270 2879 1295 2965; baseline -0.001 -24"><span class='ocrx_word' id='word_1_170' title='bbox 270 2907 313 2948; x_wconf 75' lang='lat' dir='ltr'><strong>n.</strong></span> <span class='ocrx_word' id='word_1_171' title='bbox 335 2895 457 2941; x_wconf 82' lang='lat' dir='ltr'><strong>Poterant.</strong></span> <span class='ocrx_word' id='word_1_172' title='bbox 482 2887 608 2942; x_wconf 68' lang='lat' dir='ltr'><strong>latinitas</strong></span> <span class='ocrx_word' id='word_1_173' title='bbox 631 2891 748 2960; x_wconf 80' lang='lat' dir='ltr'><strong>postulat</strong></span> <span class='ocrx_word' id='word_1_174' title='bbox 785 2879 1295 2965; x_wconf 65' lang='lat' dir='ltr'><strong>eageaomte&#39;paouoantdl&#39;arme&#39;e,unlwbile</strong></span> 
     </span>
     <span class='ocr_line' id='line_1_25' title="bbox 227 2967 1295 3040; baseline 0.003 -24"><span class='ocrx_word' id='word_1_175' title='bbox 227 2977 337 3038; x_wconf 82' lang='lat' dir='ltr'><strong>possent.</strong></span> <span class='ocrx_word' id='word_1_176' title='bbox 359 2968 427 3018; x_wconf 84' lang='lat' dir='ltr'><strong>Ante</strong></span> <span class='ocrx_word' id='word_1_177' title='bbox 451 2967 534 3019; x_wconf 78' lang='lat' dir='ltr'><strong>Faber</strong></span> <span class='ocrx_word' id='word_1_178' title='bbox 556 2980 617 3038; x_wconf 82' lang='lat' dir='ltr'><strong>apte</strong></span> <span class='ocrx_word' id='word_1_179' title='bbox 637 2969 748 3040; x_wconf 77' lang='lat' dir='ltr'><strong>corrigit</strong></span> <span class='ocrx_word' id='word_1_180' title='bbox 783 2972 887 3040; x_wconf 72' lang='lat' dir='ltr'><strong>glue&#39;ral</strong></span> <span class='ocrx_word' id='word_1_181' title='bbox 894 2990 924 3022; x_wconf 82' lang='lat' dir='ltr'><strong>eu</strong></span> <span class='ocrx_word' id='word_1_182' title='bbox 939 2969 1211 3031; x_wconf 63' lang='lat' dir='ltr'><strong>maxamaticum,</strong></span> <span class='ocrx_word' id='word_1_183' title='bbox 1228 2980 1254 3019; x_wconf 81' lang='lat' dir='ltr'><strong>et</strong></span> <span class='ocrx_word' id='word_1_184' title='bbox 1269 2988 1295 3020; x_wconf 78' lang='lat' dir='ltr'><strong>se</strong></span> 
     </span>
    </p>
   </div>
   <div class='ocr_carea' id='block_1_5' title="bbox 234 3042 1378 3120">
    <p class='ocr_par' dir='ltr' id='par_1_9' title="bbox 234 3042 1378 3120">
     <span class='ocr_line' id='line_1_26' title="bbox 234 3042 1378 3120; baseline 0.002 -24"><span class='ocrx_word' id='word_1_185' title='bbox 234 3045 300 3096; x_wconf 78' lang='lat' dir='ltr'><strong>nulla</strong></span> <span class='ocrx_word' id='word_1_186' title='bbox 313 3047 421 3116; x_wconf 80' lang='lat' dir='ltr'><strong>temporis</strong></span> <span class='ocrx_word' id='word_1_187' title='bbox 437 3044 561 3098; x_wconf 82' lang='lat' dir='ltr'><strong>oblivione.</strong></span> <span class='ocrx_word' id='word_1_188' title='bbox 576 3075 610 3087; x_wconf 91' lang='lat'>-</span> <span class='ocrx_word' id='word_1_189' title='bbox 629 3049 745 3120; x_wconf 74' lang='lat' dir='ltr'><strong>Vtctr&#39;qae.</strong></span> <span class='ocrx_word' id='word_1_190' title='bbox 786 3047 1297 3120; x_wconf 71' lang='lat' dir='ltr'><strong>knodaitfaoomble.diusi.5cipion,qai</strong></span> <span class='ocrx_word' id='word_1_191' title='bbox 1375 3042 1378 3052; x_wconf 82' lang='lat'>&#39;</span> 
     </span>
    </p>
   </div>
   <div class='ocr_carea' id='block_1_6' title="bbox 167 3123 1329 4221">
    <p class='ocr_par' dir='ltr' id='par_1_10' title="bbox 167 3123 1329 4221">
     <span class='ocr_line' id='line_1_27' title="bbox 233 3123 1297 3200; baseline 0.002 -24"><span class='ocrx_word' id='word_1_192' title='bbox 233 3123 475 3195; x_wconf 83' lang='lat' dir='ltr'><strong>InMSS.pluribus</strong></span> <span class='ocrx_word' id='word_1_193' title='bbox 480 3125 577 3196; x_wconf 84' lang='lat' dir='ltr'><strong>legitur</strong></span> <span class='ocrx_word' id='word_1_194' title='bbox 583 3135 690 3200; x_wconf 80' lang='lat' dir='ltr'><strong>utruque.</strong></span> <span class='ocrx_word' id='word_1_195' title='bbox 699 3145 743 3180; x_wconf 80' lang='lat' dir='ltr'><strong>nn.</strong></span> <span class='ocrx_word' id='word_1_196' title='bbox 785 3126 865 3179; x_wconf 84' lang='lat' dir='ltr'><strong>tomba</strong></span> <span class='ocrx_word' id='word_1_197' title='bbox 875 3148 906 3179; x_wconf 83' lang='lat' dir='ltr'><strong>en</strong></span> <span class='ocrx_word' id='word_1_198' title='bbox 916 3139 1016 3180; x_wconf 75' lang='lat' dir='ltr'><strong>sautant</strong></span> <span class='ocrx_word' id='word_1_199' title='bbox 1028 3127 1058 3178; x_wconf 77' lang='lat' dir='ltr'><strong>de</strong></span> <span class='ocrx_word' id='word_1_200' title='bbox 1071 3147 1117 3178; x_wconf 84' lang='lat' dir='ltr'><strong>son</strong></span> <span class='ocrx_word' id='word_1_201' title='bbox 1130 3129 1242 3178; x_wconf 74' lang='lat' dir='ltr'><strong>vaisseau</strong></span> <span class='ocrx_word' id='word_1_202' title='bbox 1254 3145 1297 3178; x_wconf 76' lang='lat' dir='ltr'><strong>sur</strong></span> 
     </span>
     <span class='ocr_line' id='line_1_28' title="bbox 167 3199 1329 3278; baseline 0 -23"><span class='ocrx_word' id='word_1_203' title='bbox 167 3217 170 3224; x_wconf 84' lang='grc'><strong>’</strong></span> <span class='ocrx_word' id='word_1_204' title='bbox 270 3202 310 3255; x_wconf 80' lang='lat'><strong>13.</strong></span> <span class='ocrx_word' id='word_1_205' title='bbox 335 3208 415 3269; x_wconf 82' lang='lat' dir='ltr'><strong>Quo...</strong></span> <span class='ocrx_word' id='word_1_206' title='bbox 436 3199 503 3253; x_wconf 73' lang='lat' dir='ltr'><strong>dan.</strong></span> <span class='ocrx_word' id='word_1_207' title='bbox 523 3201 622 3268; x_wconf 88' lang='lat' dir='ltr'><strong>Quod,</strong></span> <span class='ocrx_word' id='word_1_208' title='bbox 642 3204 745 3274; x_wconf 86' lang='lat' dir='ltr'><strong>inquit,</strong></span> <span class='ocrx_word' id='word_1_209' title='bbox 784 3206 900 3276; x_wconf 62' lang='lat' dir='ltr'><strong>loninge</strong></span> <span class='ocrx_word' id='word_1_210' title='bbox 920 3206 1062 3278; x_wconf 78' lang='lat' dir='ltr'><strong>d&#39;Asn&#39;que,</strong></span> <span class='ocrx_word' id='word_1_211' title='bbox 1078 3208 1131 3276; x_wconf 80' lang='lat' dir='ltr'><strong>prr&#39;t</strong></span> <span class='ocrx_word' id='word_1_212' title='bbox 1146 3203 1177 3254; x_wconf 84' lang='lat' dir='ltr'><strong>de</strong></span> <span class='ocrx_word' id='word_1_213' title='bbox 1193 3205 1219 3256; x_wconf 81' lang='lat' dir='ltr'><strong>la</strong></span> <span class='ocrx_word' id='word_1_214' title='bbox 1235 3217 1297 3256; x_wconf 79' lang='lat' dir='ltr'><strong>terre</strong></span> <span class='ocrx_word' id='word_1_215' title='bbox 1325 3254 1329 3263; x_wconf 85' lang='grc'>,</span> 
     </span>
     <span class='ocr_line' id='line_1_29' title="bbox 232 3279 1295 3353; baseline -0.001 -18"><span class='ocrx_word' id='word_1_216' title='bbox 232 3279 376 3335; x_wconf 76' lang='lat' dir='ltr'><strong>victoribus</strong></span> <span class='ocrx_word' id='word_1_217' title='bbox 404 3280 479 3333; x_wconf 84' lang='lat' dir='ltr'><strong>vobis</strong></span> <span class='ocrx_word' id='word_1_218' title='bbox 504 3281 643 3353; x_wconf 75' lang='lat' dir='ltr'><strong>praemium</strong></span> <span class='ocrx_word' id='word_1_219' title='bbox 672 3280 746 3337; x_wconf 77' lang='lat' dir='ltr'><strong>dabit</strong></span> <span class='ocrx_word' id='word_1_220' title='bbox 784 3283 1005 3345; x_wconf 63' lang='lat' dir='ltr'><strong>damsemaias:</strong></span> <span class='ocrx_word' id='word_1_221' title='bbox 1019 3289 1069 3333; x_wconf 81' lang='grc' dir='ltr'><strong>ιΙι</strong></span> <span class='ocrx_word' id='word_1_222' title='bbox 1082 3293 1106 3333; x_wconf 83' lang='lat' dir='ltr'><strong>te</strong></span> <span class='ocrx_word' id='word_1_223' title='bbox 1121 3285 1195 3347; x_wconf 61' lang='lat' dir='ltr'><strong>oens,</strong></span> <span class='ocrx_word' id='word_1_224' title='bbox 1208 3281 1295 3344; x_wconf 83' lang='lat' dir='ltr'><strong>dit-il.</strong></span> 
     </span>
     <span class='ocr_line' id='line_1_30' title="bbox 232 3359 1298 3434; baseline 0.001 -22"><span class='ocrx_word' id='word_1_225' title='bbox 232 3359 412 3422; x_wconf 85' lang='lat' dir='ltr'><strong>uberrimum,</strong></span> <span class='ocrx_word' id='word_1_226' title='bbox 439 3359 516 3414; x_wconf 81' lang='lat' dir='ltr'><strong>victis</strong></span> <span class='ocrx_word' id='word_1_227' title='bbox 542 3374 743 3415; x_wconf 80' lang='lat' dir='ltr'><strong>monumentum</strong></span> <span class='ocrx_word' id='word_1_228' title='bbox 783 3369 871 3416; x_wconf 71' lang='lat' dir='ltr'><strong>otene</strong></span> <span class='ocrx_word' id='word_1_229' title='bbox 886 3362 1049 3434; x_wconf 67' lang='lat' dir='ltr'><strong>d&#39;Ajnlluet·</strong></span> <span class='ocrx_word' id='word_1_230' title='bbox 1062 3371 1140 3431; x_wconf 65' lang='grc' dir='ltr'><em>ειμι·</em></span> <span class='ocrx_word' id='word_1_231' title='bbox 1154 3381 1193 3412; x_wconf 79' lang='lat' dir='ltr'><strong>ces</strong></span> <span class='ocrx_word' id='word_1_232' title='bbox 1205 3361 1298 3413; x_wconf 69' lang='lat' dir='ltr'><strong>mouit</strong></span> 
     </span>
     <span class='ocr_line' id='line_1_31' title="bbox 232 3438 1298 3512; baseline 0.001 -21"><span class='ocrx_word' id='word_1_233' title='bbox 232 3438 442 3492; x_wconf 81' lang='lat' dir='ltr'><strong>illustrissimum.</strong></span> <span class='ocrx_word' id='word_1_234' title='bbox 782 3443 863 3494; x_wconf 67' lang='lat' dir='ltr'><strong>modu</strong></span> <span class='ocrx_word' id='word_1_235' title='bbox 882 3442 988 3494; x_wconf 62' lang='lat' dir='ltr'><strong>beurene</strong></span> <span class='ocrx_word' id='word_1_236' title='bbox 1005 3459 1038 3492; x_wconf 77' lang='lat' dir='ltr'><strong>aa</strong></span> <span class='ocrx_word' id='word_1_237' title='bbox 1051 3444 1157 3512; x_wconf 60' lang='lat' dir='ltr'><strong>presaga</strong></span> <span class='ocrx_word' id='word_1_238' title='bbox 1175 3442 1218 3512; x_wconf 82' lang='lat' dir='ltr'><strong>qui</strong></span> <span class='ocrx_word' id='word_1_239' title='bbox 1233 3444 1298 3492; x_wconf 79' lang='lat' dir='ltr'><strong>avait</strong></span> 
     </span>
     <span class='ocr_line' id='line_1_32' title="bbox 267 3517 1295 3592; baseline 0.004 -24"><span class='ocrx_word' id='word_1_240' title='bbox 267 3517 318 3570; x_wconf 84' lang='lat' dir='ltr'><strong>vt.</strong></span> <span class='ocrx_word' id='word_1_241' title='bbox 334 3537 356 3570; x_wconf 86' lang='lat' dir='ltr'><strong>r.</strong></span> <span class='ocrx_word' id='word_1_242' title='bbox 368 3518 410 3570; x_wconf 85' lang='lat' dir='ltr'><strong>Sol</strong></span> <span class='ocrx_word' id='word_1_243' title='bbox 419 3517 547 3584; x_wconf 64' lang='lat' dir='ltr'><strong>defleant.</strong></span> <span class='ocrx_word' id='word_1_244' title='bbox 560 3518 669 3591; x_wconf 80' lang='lat' dir='ltr'><strong>Olymp.</strong></span> <span class='ocrx_word' id='word_1_245' title='bbox 683 3537 741 3591; x_wconf 86' lang='lat'>117,</span> <span class='ocrx_word' id='word_1_246' title='bbox 775 3541 841 3592; x_wconf 76' lang='lat' dir='ltr'><strong>paru</strong></span> <span class='ocrx_word' id='word_1_247' title='bbox 853 3519 988 3587; x_wconf 79' lang='lat' dir='ltr'><strong>sifuaeste.</strong></span> <span class='ocrx_word' id='word_1_248' title='bbox 998 3544 1009 3566; x_wconf 80' lang='grc' dir='ltr'>ι</span> <span class='ocrx_word' id='word_1_249' title='bbox 1023 3537 1070 3572; x_wconf 76' lang='lat' dir='ltr'><strong>nu.</strong></span> <span class='ocrx_word' id='word_1_250' title='bbox 1085 3549 1120 3560; x_wconf 89' lang='lat'><em>-</em></span> <span class='ocrx_word' id='word_1_251' title='bbox 1133 3519 1295 3584; x_wconf 74' lang='lat' dir='ltr'><strong>Proficturos.</strong></span> 
     </span>
     <span class='ocr_line' id='line_1_33' title="bbox 233 3595 1296 3670; baseline 0.003 -22"><span class='ocrx_word' id='word_1_252' title='bbox 233 3595 262 3659; x_wconf 80' lang='lat'><strong>3,</strong></span> <span class='ocrx_word' id='word_1_253' title='bbox 274 3597 305 3648; x_wconf 80' lang='grc' dir='ltr'><strong>Α.</strong></span> <span class='ocrx_word' id='word_1_254' title='bbox 317 3597 352 3650; x_wconf 90' lang='lat' dir='ltr'><strong>U.</strong></span> <span class='ocrx_word' id='word_1_255' title='bbox 368 3603 434 3662; x_wconf 69' lang='lat' dir='ltr'><strong>lli·</strong></span> <span class='ocrx_word' id='word_1_256' title='bbox 446 3595 490 3650; x_wconf 87' lang='lat' dir='ltr'><strong>die</strong></span> <span class='ocrx_word' id='word_1_257' title='bbox 505 3600 535 3652; x_wconf 82' lang='lat'><strong>15</strong></span> <span class='ocrx_word' id='word_1_258' title='bbox 552 3598 664 3668; x_wconf 80' lang='lat' dir='ltr'><strong>Augusti</strong></span> <span class='ocrx_word' id='word_1_259' title='bbox 675 3598 741 3651; x_wconf 77' lang='lat' dir='ltr'><strong>hora</strong></span> <span class='ocrx_word' id='word_1_260' title='bbox 781 3599 826 3652; x_wconf 77' lang='lat' dir='ltr'><strong>sic</strong></span> <span class='ocrx_word' id='word_1_261' title='bbox 843 3599 961 3652; x_wconf 84' lang='lat' dir='ltr'><strong>Gronov.</strong></span> <span class='ocrx_word' id='word_1_262' title='bbox 975 3616 1039 3652; x_wconf 81' lang='lat' dir='ltr'><strong>avus</strong></span> <span class='ocrx_word' id='word_1_263' title='bbox 1056 3611 1083 3650; x_wconf 85' lang='lat' dir='ltr'><strong>et</strong></span> <span class='ocrx_word' id='word_1_264' title='bbox 1098 3599 1203 3663; x_wconf 69' lang='lat' dir='ltr'><strong>Graan,</strong></span> <span class='ocrx_word' id='word_1_265' title='bbox 1221 3597 1296 3670; x_wconf 82' lang='lat' dir='ltr'><strong>qnod</strong></span> 
     </span>
     <span class='ocr_line' id='line_1_34' title="bbox 231 3673 1295 3748; baseline 0.004 -22"><span class='ocrx_word' id='word_1_266' title='bbox 231 3673 434 3743; x_wconf 80' lang='lat' dir='ltr'><strong>postmeridiana</strong></span> <span class='ocrx_word' id='word_1_267' title='bbox 445 3675 558 3730; x_wconf 79' lang='lat' dir='ltr'><strong>secunda</strong></span> <span class='ocrx_word' id='word_1_268' title='bbox 583 3675 687 3728; x_wconf 76' lang='lat' dir='ltr'><strong>calculis</strong></span> <span class='ocrx_word' id='word_1_269' title='bbox 700 3694 740 3728; x_wconf 78' lang='lat' dir='ltr'><strong>ss·</strong></span> <span class='ocrx_word' id='word_1_270' title='bbox 780 3688 887 3747; x_wconf 77' lang='lat' dir='ltr'><strong>regatur</strong></span> <span class='ocrx_word' id='word_1_271' title='bbox 902 3678 934 3728; x_wconf 80' lang='lat' dir='ltr'><strong>rb</strong></span> <span class='ocrx_word' id='word_1_272' title='bbox 947 3675 1196 3748; x_wconf 73' lang='lat' dir='ltr'><strong>adjectoodoerswn,</strong></span> <span class='ocrx_word' id='word_1_273' title='bbox 1212 3695 1295 3748; x_wconf 85' lang='lat' dir='ltr'><strong>quum</strong></span> 
     </span>
     <span class='ocr_line' id='line_1_35' title="bbox 231 3753 1295 3827; baseline 0.006 -24"><span class='ocrx_word' id='word_1_274' title='bbox 231 3762 413 3806; x_wconf 86' lang='lat' dir='ltr'><strong>tronomorum</strong></span> <span class='ocrx_word' id='word_1_275' title='bbox 426 3766 567 3827; x_wconf 77' lang='lat' dir='ltr'><strong>supputant</strong></span> <span class='ocrx_word' id='word_1_276' title='bbox 597 3771 635 3806; x_wconf 81' lang='lat' dir='ltr'><strong>ut.</strong></span> <span class='ocrx_word' id='word_1_277' title='bbox 780 3756 848 3808; x_wconf 78' lang='lat' dir='ltr'><strong>male</strong></span> <span class='ocrx_word' id='word_1_278' title='bbox 860 3755 940 3808; x_wconf 78' lang='lat' dir='ltr'><strong>latine</strong></span> <span class='ocrx_word' id='word_1_279' title='bbox 952 3753 1055 3808; x_wconf 78' lang='lat' dir='ltr'><strong>diostur</strong></span> <span class='ocrx_word' id='word_1_280' title='bbox 1069 3773 1076 3808; x_wconf 75' lang='grc' dir='ltr'><strong>ε</strong></span> <span class='ocrx_word' id='word_1_281' title='bbox 1090 3753 1242 3827; x_wconf 83' lang='lat' dir='ltr'><strong>prodigium</strong></span> <span class='ocrx_word' id='word_1_282' title='bbox 1254 3767 1295 3809; x_wconf 78' lang='lat' dir='ltr'><strong>est</strong></span> 
     </span>
     <span class='ocr_line' id='line_1_36' title="bbox 267 3829 1296 3901; baseline 0.006 -21"><span class='ocrx_word' id='word_1_283' title='bbox 267 3847 292 3880; x_wconf 62' lang='grc' dir='ltr'><strong>π.</strong></span> <span class='ocrx_word' id='word_1_284' title='bbox 314 3833 387 3901; x_wconf 78' lang='lat' dir='ltr'><strong>Cujus</strong></span> <span class='ocrx_word' id='word_1_285' title='bbox 403 3837 438 3884; x_wconf 78' lang='lat' dir='ltr'><strong>rei</strong></span> <span class='ocrx_word' id='word_1_286' title='bbox 452 3837 598 3893; x_wconf 73' lang='lat' dir='ltr'><strong>rationem„</strong></span> <span class='ocrx_word' id='word_1_287' title='bbox 618 3829 740 3884; x_wconf 69' lang='lat' dir='ltr'><strong>reddebat.</strong></span> <span class='ocrx_word' id='word_1_288' title='bbox 782 3831 1296 3900; x_wconf 65' lang='lat' dir='ltr'><strong>advenusmeuuineconuazenmihi</strong></span> 
     </span>
     <span class='ocr_line' id='line_1_37' title="bbox 230 3905 1295 3982; baseline 0.007 -25"><span class='ocrx_word' id='word_1_289' title='bbox 230 3905 742 3978; x_wconf 80' lang='lat' dir='ltr'><strong>ItasrspiusRomanorumGrreoorumve</strong></span> <span class='ocrx_word' id='word_1_290' title='bbox 783 3910 930 3964; x_wconf 78' lang='lat' dir='ltr'><strong>adversum.</strong></span> <span class='ocrx_word' id='word_1_291' title='bbox 939 3910 1295 3982; x_wconf 82' lang='lat' dir='ltr'><strong>Nunc‚inquit‚quianobis</strong></span> 
     </span>
     <span class='ocr_line' id='line_1_38' title="bbox 230 3983 1294 4063; baseline 0.003 -27"><span class='ocrx_word' id='word_1_292' title='bbox 230 3983 312 4038; x_wconf 81' lang='lat' dir='ltr'><strong>duces</strong></span> <span class='ocrx_word' id='word_1_293' title='bbox 325 3987 419 4040; x_wconf 76' lang='lat' dir='ltr'><strong>callide</strong></span> <span class='ocrx_word' id='word_1_294' title='bbox 432 3989 541 4040; x_wconf 78' lang='lat' dir='ltr'><strong>infausta</strong></span> <span class='ocrx_word' id='word_1_295' title='bbox 557 3987 644 4040; x_wconf 80' lang='lat' dir='ltr'><strong>omina</strong></span> <span class='ocrx_word' id='word_1_296' title='bbox 658 3987 741 4040; x_wconf 84' lang='lat' dir='ltr'><strong>eluse·</strong></span> <span class='ocrx_word' id='word_1_297' title='bbox 783 3990 893 4060; x_wconf 83' lang='lat' dir='ltr'><strong>egressis</strong></span> <span class='ocrx_word' id='word_1_298' title='bbox 901 3991 1011 4063; x_wconf 81' lang='lat' dir='ltr'><strong>(patria)</strong></span> <span class='ocrx_word' id='word_1_299' title='bbox 1021 3987 1116 4042; x_wconf 79' lang='lat' dir='ltr'><strong>accidit</strong></span> <span class='ocrx_word' id='word_1_300' title='bbox 1124 3986 1294 4059; x_wconf 83' lang='lat' dir='ltr'><strong>prodigium,</strong></span> 
     </span>
     <span class='ocr_line' id='line_1_39' title="bbox 230 4063 1292 4141; baseline 0.003 -26"><span class='ocrx_word' id='word_1_301' title='bbox 230 4075 294 4115; x_wconf 84' lang='lat' dir='ltr'><strong>runt</strong></span> <span class='ocrx_word' id='word_1_302' title='bbox 307 4081 314 4115; x_wconf 94' lang='lat'><strong>:</strong></span> <span class='ocrx_word' id='word_1_303' title='bbox 333 4063 452 4134; x_wconf 79' lang='lat' dir='ltr'><strong>inprimis</strong></span> <span class='ocrx_word' id='word_1_304' title='bbox 472 4066 561 4136; x_wconf 85' lang='lat' dir='ltr'><strong>Scipio</strong></span> <span class='ocrx_word' id='word_1_305' title='bbox 579 4065 607 4118; x_wconf 89' lang='lat' dir='ltr'><strong>in</strong></span> <span class='ocrx_word' id='word_1_306' title='bbox 625 4063 742 4136; x_wconf 81' lang='lat' dir='ltr'><strong>ejusdem</strong></span> <span class='ocrx_word' id='word_1_307' title='bbox 783 4067 834 4120; x_wconf 77' lang='lat' dir='ltr'><strong>illis</strong></span> <span class='ocrx_word' id='word_1_308' title='bbox 846 4066 881 4120; x_wconf 82' lang='lat' dir='ltr'><strong>ad</strong></span> <span class='ocrx_word' id='word_1_309' title='bbox 894 4088 960 4141; x_wconf 88' lang='lat' dir='ltr'><strong>quos</strong></span> <span class='ocrx_word' id='word_1_310' title='bbox 971 4069 1025 4122; x_wconf 91' lang='lat' dir='ltr'><strong>itur</strong></span> <span class='ocrx_word' id='word_1_311' title='bbox 1035 4067 1138 4135; x_wconf 86' lang='lat' dir='ltr'><strong>(contra</strong></span> <span class='ocrx_word' id='word_1_312' title='bbox 1149 4082 1216 4134; x_wconf 81' lang='lat' dir='ltr'><strong>quos</strong></span> <span class='ocrx_word' id='word_1_313' title='bbox 1225 4082 1292 4135; x_wconf 80' lang='lat' dir='ltr'><strong>pro·</strong></span> 
     </span>
     <span class='ocr_line' id='line_1_40' title="bbox 230 4140 1239 4221; baseline 0.001 -27"><span class='ocrx_word' id='word_1_314' title='bbox 230 4141 325 4196; x_wconf 68' lang='lat' dir='ltr'><strong>Africa</strong></span> <span class='ocrx_word' id='word_1_315' title='bbox 334 4142 411 4196; x_wconf 81' lang='lat' dir='ltr'><strong>litore</strong></span> <span class='ocrx_word' id='word_1_316' title='bbox 423 4161 430 4195; x_wconf 71' lang='grc' dir='ltr'><em>ε</em></span> <span class='ocrx_word' id='word_1_317' title='bbox 444 4140 479 4196; x_wconf 84' lang='lat' dir='ltr'><strong>tle</strong></span> <span class='ocrx_word' id='word_1_318' title='bbox 489 4161 543 4215; x_wconf 87' lang='lat' dir='ltr'><strong>quo</strong></span> <span class='ocrx_word' id='word_1_319' title='bbox 560 4146 739 4217; x_wconf 74' lang='lat' dir='ltr'><strong>uonruqateu,</strong></span> <span class='ocrx_word' id='word_1_320' title='bbox 782 4145 937 4221; x_wconf 73' lang='lat' dir='ltr'><strong>liciteimur)</strong></span> <span class='ocrx_word' id='word_1_321' title='bbox 950 4143 1086 4221; x_wconf 83' lang='lat' dir='ltr'><strong>portendit</strong></span> <span class='ocrx_word' id='word_1_322' title='bbox 1098 4141 1239 4212; x_wconf 75' lang='lat' dir='ltr'><strong>(adversa).</strong></span> 
     </span>
    </p>
   </div>
   <div class='ocr_carea' id='block_1_7' title="bbox 584 4327 592 4364">
    <p class='ocr_par' dir='ltr' id='par_1_11' title="bbox 584 4327 592 4364">
     <span class='ocr_line' id='line_1_41' title="bbox 584 4327 592 4364; baseline 0 0"><span class='ocrx_word' id='word_1_323' title='bbox 584 4327 592 4364; x_wconf 78' lang='lat' dir='ltr'><strong>l</strong></span> 
     </span>
    </p>
   </div>
   <div class='ocr_carea' id='block_1_8' title="bbox 0 0 1488 4684">
    <p class='ocr_par' dir='ltr' id='par_1_12' title="bbox 0 0 1488 4684">
     <span class='ocr_line' id='line_1_42' title="bbox 0 0 1488 4684; baseline 0 0"><span class='ocrx_word' id='word_1_324' title='bbox 0 0 1488 4684; x_wconf 95' lang='lat' dir='ltr'><strong> </strong></span> 
     </span>
    </p>
   </div>
  </div>
 </body>
</html>
