2967 4684
366 411 748 481 nrsronrssun
773 410 930 481 mrim
956 410 1067 479 x111.
1180 407 1248 504 275

187 546 305 621 retur,
323 548 474 629 propter
491 530 725 603 solitudinem
739 530 865 603 The'rae
882 530 1027 619 insulse,
1042 554 1087 601 ex
1104 554 1174 627 qua
1193 556 1252 603 co·

186 640 264 710 loni
285 639 331 712 ad
349 642 479 713 urbem
498 640 729 713 condendam
747 643 785 713 in
805 640 961 713 Africam
979 656 1051 725 tam
1069 656 1175 713 vastae
1195 667 1252 713 re·

188 751 305 847 gionis
318 751 501 849 proficisci
513 751 750 847 jubebantur,
761 776 819 823 res
832 754 963 825 omissa
979 768 1042 823 est.
1057 754 1282 849 Intery'ectot

189 862 323 935 deinde
350 877 532 961 tempore,
554 861 653 935 velut
677 877 926 951 contumaces,
949 863 1151 963 pestilentia
1173 868 1252 935 Deo

189 996 318 1069 parere
338 972 629 1071 compelluntur:
648 998 807 1071 quorum
827 988 902 1045 tam
922 976 1075 1071 insignis
1095 978 1253 1074 paucitas

190 1080 274 1169 fuit,
285 1098 326 1155 ut
338 1085 397 1154 vix
412 1108 523 1156 unam
537 1108 665 1155 navem
682 1084 920 1183 complerent.
932 1086 1055 1174 Quum
1070 1088 1281 1159 venissent⁵

103 1277 106 1282 y
190 1193 229 1261 in
242 1190 417 1274 Africam,
431 1193 544 1292 pulsis
557 1193 706 1276 accolis,
718 1210 884 1266 montem
896 1199 1046 1291 Cyram,
1058 1210 1094 1265 et
1107 1212 1256 1295 propter

188 1305 436 1375 amoenitatem
465 1305 559 1392 loci,
587 1319 624 1375 et
655 1319 808 1403 propter
838 1304 996 1377 fontium
1029 1304 1255 1393 ubertatem,

190 1438 423 1514 occupavere.
451 1414 508 1486 lbi
535 1421 679 1503 Battus,
708 1414 782 1487 dux
810 1441 963 1503 eorum,
988 1414 1119 1511 linguae
1148 1417 1286 1489 nodiss

190 1524 332 1613 solutis,
344 1525 446 1623 loqui
460 1529 618 1623 primum
632 1527 761 1625 coepit:
777 1550 858 1625 qnae
874 1550 932 1597 res
951 1528 1093 1597 animos
1112 1550 1257 1614 eornm,
1275 1622 1277 1630 Ι

191 1660 235 1705 ex
247 1637 433 1733 promissis
442 1638 508 1707 Dei
517 1638 590 1734 jam
601 1651 703 1736 parte
714 1638 953 1738 percepta,in
964 1636 1142 1734 reliquam
1156 1660 1258 1734 spem

192 1743 395 1817 condendae
417 1746 518 1819 urbis
542 1746 720 1819 accendit.
740 1750 868 1821 Positis
886 1749 994 1845 igitur
1018 1748 1162 1835 castris,
1180 1748 1287 1845 opi-7

192 1857 343 1927 nionem
365 1859 497 1929 veteris
524 1856 654 1929 fabulae
682 1860 885 1958 accipiunt,
911 1862 1100 1956 Cyrenen,
1122 1859 1259 1930 eximiae

192 1965 475 2062 pulchritudinis
493 1972 690 2067 virginem,
709 1996 728 2040 a
747 1969 935 2041 Thessaliae
954 1982 1080 2041 monte
1098 1968 1195 2039 Pelio
1213 1968 1279 2041 ab'

195 2077 523 2175 Apollineraptam,
535 2081 782 2177 perlatamque
793 2082 830 2150 in
841 2080 1004 2176 ejusdem
1013 2081 1150 2151 montis
1158 2082 1260 2177 juga,

195 2187 298 2280 cujus
318 2186 446 2257 collem
465 2203 785 2285 occupaverant,a
802 2194 879 2259 Deo
896 2189 1088 2287 repletam,
1105 2203 1262 2285 quatuor

196 2317 329 2390 pueros
354 2296 558 2391 peperisse,
583 2297 778 2381 Nomium,
801 2300 1009 2381 Aristaeum,
1035 2296 1262 2385 Authocum,

196 2408 361 2500 Argaeum
375 2432 383 2474 :
398 2405 526 2477 missos
541 2427 562 2474 a
581 2418 683 2501 patre
700 2408 863 2504 Hypseo,
881 2428 965 2501 rege
980 2404 1183 2492 Thessaliae,
1199 2407 1291 2501 quis

196 2517 452 2612 perquirerent
468 2515 662 2612 virginem,
677 2514 749 2586 loci
767 2516 975 2586 amoenitate
994 2528 1123 2611 captos
1144 2515 1183 2583 in
1205 2516 1263 2584 iis·

196 2625 280 2697 dem
299 2628 404 2697 terris
421 2650 506 2697 cum
524 2628 664 2724 virgine
682 2626 882 2698 resedisse:
902 2624 1021 2697 ex'his
1046 2626 1169 2723 pueris
1190 2642 1293 2704 treso

196 2736 338 2809 adultos
352 2739 390 2809 in
405 2737 622 2811 Thessaliam
637 2762 819 2835 reyersos,
832 2740 924 2809 avita
936 2760 1049 2833 regna
1063 2738 1262 2835 recepisse:

197 2848 385 2918 Aristaeum
400 2849 440 2917 in
453 2846 603 2919 Arcadia
620 2847 691 2920 late
708 2870 895 2945 regnasse,
911 2867 1067 2943 eumque
1086 2848 1263 2944 primum,
1279 2879 1310 2914 ιο

199 2970 236 3026 et
252 2960 374 3054 apium
392 2972 429 3028 et
446 2958 561 3030 mellis
576 2984 704 3047 usum,
721 2974 758 3030 et
777 2946 879 3029 lactis
897 2957 941 3028 ad
965 2956 1130 3055 coagula,
1146 2956 1264 3028 homi·

200 3065 310 3138 nihus
326 3066 531 3156 tradidisse,
548 3068 821 3166 solstitialesque
839 3084 941 3141 ortus
961 3065 1086 3139 sideris
1106 3068 1266 3165 primum

201 3264 288 3305 sutem
300 3251 399 3304 hahent
411 3254 511 3316 dimus,
524 3256 629 3325 Cymes,
644 3256 715 3326 Cyrs-
791 3257 815 3308 8.
823 3260 928 3327 Hypsea.
937 3254 982 3313 Sic
989 3252 1143 3317 llld.,Junt.
1151 3265 1177 3305 et
1184 3254 1264 3305 Bech.

201 3348 255 3394 nus,
270 3332 385 3383 Circinus.
754 3352 816 3385 cum
828 3329 1028 3397 niod.1v,sr,
1040 3330 1085 3382 uhi
1098 3342 1137 3382 est
1147 3336 1263 3401 Neptem,

236 3411 261 3460 6.
277 3415 338 3477 Quoe
349 3428 388 3460 res
405 3421 457 3461 etc.
473 3409 541 3473 Quo
558 3426 617 3473 res,
632 3428 715 3481 quum
755 3411 828 3483 quod
841 3412 868 3463 in
882 3409 972 3463 Nostri
986 3407 1047 3461 edd.
1061 3420 1209 3461 correctum
1227 3420 1266 3461 est

202 3488 252 3540 Dei
259 3486 517 3559 pmmissorumpars
521 3492 576 3561 jam
583 3500 715 3559 essetper·
756 3492 783 3543 in
799 3496 870 3561 Speo,
886 3489 974 3559 doleo,
989 3490 1098 3559 Hispem.

202 3579 294 3636 repta,
307 3566 428 3619 accendit
446 3584 538 3619 eorum
553 3566 670 3630 animos,
685 3576 715 3618 nt
795 3588 834 3621 ro.
849 3570 927 3620 lactis
938 3566 974 3617 ad
984 3566 1094 3636 coagula.
1109 3566 1130 3616 I.
1146 3582 1170 3617 e.
1183 3566 1267 3617 ratio·

203 3654 230 3695 st
240 3644 348 3698 alteram
358 3644 457 3698 oraculi
466 3644 647 3715 promissionis
656 3663 716 3716 pan
755 3666 816 3701 nem
824 3645 897 3697 laetis
905 3644 1073 3715 congulsndi,
1082 3638 1222 3712 csseosq'ue
1234 3661 1267 3695 ex

203 3724 409 3786 tem,nimirum
422 3722 496 3775 urhis
510 3722 715 3775 condendas-x·
756 3728 868 3798 coagulo
896 3724 1042 3797 premendi.
1070 3722 1164 3793 Neque
1191 3736 1266 3792 sper-

205 3814 366 3871 spectsrsnt,
379 3814 407 3855 et
419 3820 453 3854 ex
466 3818 512 3855 sus
524 3814 599 3873 perte
610 3802 716 3874 explere
756 3804 843 3857 nenda
854 3804 932 3856 lectio
943 3802 1000 3855 Ald.
1010 3814 1036 3853 et
1045 3802 1118 3853 Junt.
1129 3800 1198 3851 lacre
1209 3817 1266 3851 eos·

206 3876 351 3932 studerent.
688 3873 691 3879 ’
755 3884 876 3955 galandi,
892 3880 964 3953 quod
978 3892 1015 3931 est
1029 3877 1149 3930 Diodoro
1162 3876 1267 3944 sosya-

241 3978 269 4027 7.
284 3965 486 4029 Quamorpuems
493 3962 620 4031 peperisse.
635 3956 716 4011 Diod.
759 3980 850 4018 umor
862 3962 951 4019 πῖέις,
964 3957 1009 4029 qui
1026 3968 1149 4029 preterea
1164 3956 1237 4009 hooc
1253 3970 1268 4005 a

208 4038 263 4101 IV,
285 4038 336 4101 81,
359 4036 439 4089 tradit
460 4038 598 4111 Nymphas
617 4037 719 4090 Aristaei
759 4039 891 4113 Nymphis
907 4036 1029 4089 edoctum
1046 4034 1174 4088 invenisse
1190 4030 1270 4085 tradit
1305 4044 1309 4057 ·

210 4116 720 4190 nutriosstrishuisnominsimposuisse
760 4114 1099 4179 olivarumcultum,siveolei
1113 4112 1268 4177 usum,eoll.
1303 4146 1307 4153 -

212 4192 317 4257 Nomii,
331 4193 431 4248 sristsi
444 4206 471 4245 et
485 4194 571 4265 Agrei.
761 4196 849 4248 Schol.
862 4194 894 4247 sd
903 4192 1038 4247 Theocrit.
1048 4192 1082 4259 V,
1094 4192 1136 4255 53,
1144 4191 1190 4261 qui
1199 4186 1270 4241 idem
