2967 4684
252 368 292 433 58
489 368 703 433 PROLOG1
725 368 1067 439 HISTORIARUM
1126 461 1130 468 Ι

535 523 785 583 Pactocus
805 525 928 581 trani
949 525 1023 581 vn.

225 691 236 725 ι
296 657 443 745 Septimo
466 655 634 719 volumine
661 654 872 719 continentur
902 652 1042 741 origines
1068 650 1325 732 Macedonicae,

252 779 410 847 regesque
431 781 450 821 a
472 754 644 821 conditore
666 755 772 845 gentis
793 757 935 836 Carano,
958 776 1062 843 usque
1089 753 1131 819 ad
1160 776 1327 845 maguum

251 861 441 949 Philippum
463 859 593 947 :ipsius
619 858 764 945 Philippi
790 878 841 921 res
868 872 964 947 geste
990 856 1164 943 usquead
1190 872 1326 945 captain

250 964 369 1028 urbem
385 961 586 1028 lllethonaru.
603 958 730 1026 Addirae
750 959 784 1023 in
806 980 939 1022 excessu
960 957 1148 1046 Illyriorum
1171 974 1207 1021 et
1228 959 1326 1023 Paeo·

250 1090 332 1131 num
349 1067 500 1155 origines.

523 1204 776 1264 PROLOGUS
796 1205 923 1260 LIBRI
943 1204 1048 1261 VIII.

220 1371 233 1406 ι
295 1324 419 1403 Octavo
434 1337 603 1403 volumine
619 1337 832 1403 continentur
845 1362 895 1403 res
911 1354 1006 1429 gestae
1024 1337 1168 1429 Philippi
1187 1341 1323 1429 magni,

247 1456 323 1531 post
335 1456 461 1529 captam
473 1439 591 1505 urbem
602 1440 809 1523 Methonam,
821 1464 839 1506 a
853 1442 1016 1531 principio
1027 1441 1105 1507 belli
1120 1442 1324 1523 Phocensis,

249 1541 340 1630 quod
350 1543 485 1609 Sacrum
499 1557 633 1626 vocant,
647 1565 751 1631 usque
765 1541 806 1607 ad
821 1542 920 1609 finem
932 1546 1001 1625 ejus
1015 1566 1022 1607 :
1038 1545 1326 1633 interjectumque

249 1646 328 1707 huic
355 1645 497 1725 bellurn,
520 1642 610 1730 quod
642 1644 814 1734 Philippus
844 1668 919 1709 curn
950 1644 1144 1709 Chalcidicis
1173 1647 1324 1721 urbibus

221 1747 363 1843 egessit,
384 1768 524 1833 quarum
548 1745 758 1811 clarissimam
781 1746 902 1813 delevit
925 1748 1105 1837 Olynthon.
1122 1748 1167 1811 Ut
1190 1750 1324 1839 lllyrici

248 1868 339 1935 reges
356 1847 399 1909 ab
419 1869 459 1911 eo
481 1846 560 1910 victi
583 1859 678 1928 sunt;
696 1863 728 1911 et
745 1848 885 1913 Thracia
907 1866 1005 1937 atque
1023 1850 1190 1916 Thessalia
1211 1852 1256 1916 ab
1280 1875 1323 1915 eo

247 1948 388 2013 subactae
403 1972 411 2012 ε
427 1964 460 2013 et
476 1971 534 2013 rex
548 1950 651 2037 Epiro
667 1948 762 2014 datus
777 1951 975 2035 Alexander,
992 1954 1096 2037 ejecto
1114 1953 1245 2042 Arryba
1262 1976 1270 2017 :
1289 1970 1324 2017 et

197 2134 204 2142 ,
247 2050 366 2118 frustra
382 2052 556 2118 Perinthos
572 2069 773 2143 oppugnata.

538 2209 792 2269 PROLOGUS
813 2211 940 2267 LIBRI
960 2210 1022 2267 1x.

220 2372 232 2407 t
290 2338 389 2403 Nouo
404 2340 572 2405 volumine
587 2343 800 2406 continentur
814 2342 885 2405 hoec
900 2363 907 2405 ι
923 2340 967 2404 [Ιῐ
982 2340 1154 2430 Philippus
1169 2364 1188 2404 a
1201 2340 1320 2406 Perin-

247 2442 307 2505 tho
334 2441 517 2508 subrnctus.
540 2444 686 2531 Byzantii
705 2446 868 2534 origines,
888 2466 907 2507 a
929 2444 1022 2523 cujus
1042 2440 1215 2506 obsidione
1234 2444 1319 2506 sub·

220 2558 357 2615 ,motus
381 2542 570 2632 Philippus,
592 2546 734 2633 Scythiae
759 2546 885 2611 belluna
909 2545 1030 2607 intulit.
1054 2545 1212 2631 Repetite
1234 2545 1319 2608 indc

247 2644 407 2732 Scythicae
421 2668 489 2725 res,
502 2646 545 2707 ab
561 2645 612 2708 his
627 2647 850 2733 temporibus,
865 2648 899 2707 in
914 2645 1035 2731 quibus
1049 2644 1105 2706 illa
1117 2644 1208 2731 prius
1221 2642 1318 2707 finie-

188 2732 192 2738 ’
248 2761 338 2825 rant,
349 2766 454 2830 usque
465 2744 508 2808 ad
518 2745 665 2835 Philippi
678 2745 821 2827 bellum,
835 2746 927 2832 quod
941 2766 1018 2808 cum
1034 2744 1154 2825 Athea,
1171 2746 1316 2834 Scythiae

284 2906 351 2958 Vll.
367 2924 389 2960 1.
400 2908 546 2959 Helenam.
558 2909 692 2979 Provulg.
702 2914 759 2960 llo·
799 2909 889 2979 recepi
905 2926 966 2961 curn
980 2908 1074 2962 Modio
1088 2922 1115 2962 et
1128 2909 1248 2965 Gronov.
1262 2933 1316 2985 pro

248 2986 343 3036 nonen
351 2984 717 3058 scripsibocloooetcap.8‚
728 3004 757 3051 1,
799 2999 917 3058 corrupt.
935 2988 1025 3051 electo,
1043 2987 1115 3040 unde
1135 2990 1315 3061 Longeruaeus

249 3082 282 3116 ex
305 3064 402 3115 lustin
427 3062 497 3128 Vll,
520 3068 555 3129 6,
576 3074 623 3131 ιω
644 3079 672 3119 et
690 3066 758 3118 Dio·
800 3066 911 3119 malehat
928 3065 1023 3121 elicere
1040 3067 1128 3119 deleto.
1149 3068 1227 3124 Cous.
1246 3071 1314 3122 Dio-

250 3140 761 3207 doro,XVI‚31l,Hetlwnm.-Poeo·
800 3144 859 3197 dor.
874 3145 921 3197 lib.
936 3144 1005 3197 XVI
1009 3186 1015 3197 .

249 3240 314 3274 num.
329 3221 388 3273 Hoc
402 3236 501 3274 nomen
513 3219 577 3273 dedi
590 3240 651 3275 cum
664 3220 760 3275 Medio
836 3222 1314 3297 1X.2.rrtmfinuramsrspnlib.lt‚

250 3313 277 3354 et
300 3301 421 3355 (Itonos.
444 3316 494 3369 pro
516 3312 635 3371 corrupt.
649 3306 758 3352 ΡΜ.
800 3302 847 3353 ubi
860 3320 901 3355 res
913 3302 1049 3377 Scythicas
1059 3302 1203 3355 deduxerat
1213 3302 1247 3354 'ad
1258 3305 1311 3353 Dn-

251 3382 354 3433 Partem
372 3377 444 3431 eninr
464 3376 628 3431 Macedonia
644 3390 760 3450 teptem-
801 3379 871 3432 rium
883 3398 976 3452 usque.
990 3382 1041 3433 llic
1055 3382 1146 3451 igitur,
1157 3380 1202 3431 lilo
1215 3380 1312 3433 iterum

251 3460 388 3513 trioneletn
396 3458 534 3511 Poecniaac
544 3458 685 3527 Pelagonia
696 3474 761 3528 pro*
802 3472 921 3530 empto,
933 3458 1037 3513 easdem
1049 3457 1157 3511 deducit
1166 3456 1199 3509 ad
1210 3458 1312 3530 Philip-

251 3551 345 3609 tegunt
365 3558 379 3589 a
398 3536 534 3597 Triballis,
550 3548 582 3590 ut
601 3536 639 3588 ait
661 3535 762 3589 Plinius
803 3556 868 3607 pum
886 3556 977 3609 usque.
992 3540 1063 3609 Lege
1077 3537 1159 3607 igitur
1174 3538 1222 3588 illa
1239 3539 1313 3607 (res)

180 3673 183 3688 Ι
250 3616 319 3669 llitt.
331 3618 391 3669 Nat.
405 3615 457 3679 lv,
473 3632 514 3667 to.
803 3628 831 3667 ct
847 3617 936 3687 accipe
948 3613 1024 3684 finire
1041 3634 1117 3667 sensu
1132 3616 1244 3669 neutrali
1262 3636 1314 3689 pro

287 3696 369 3748 Vlll.
386 3714 410 3748 ι.
427 3692 578 3746 Chalcidicis.
591 3691 637 3746 sis
649 3704 761 3747 correct.
796 3691 879 3761 fini'n',
895 3694 945 3761 ulti
958 3694 1033 3747 malis
1045 3712 1108 3746 cum
1121 3694 1215 3749 Modio
1230 3697 1315 3750 corri-

252 3774 402 3827 aFreinsh.
416 3772 479 3826 dedi
496 3790 559 3826 cum
574 3772 695 3825 Gronov.
711 3790 762 3843 pro
805 3790 867 3842 gere
889 3772 943 3823 illus
960 3776 1030 3845 prisc
1044 3771 1155 3842 finierat.
1174 3804 1208 3815 -
1224 3776 1312 3828 Atlua.

252 3864 369 3922 corrupt.
390 3852 552 3904 Calrlridcniis
565 3870 575 3903 t
588 3851 651 3903 urba
671 3850 762 3915 enim,
803 3850 862 3903 lloc
872 3868 970 3903 nornen
979 3850 1041 3903 dedi
1051 3870 1111 3903 cunr
1122 3852 1243 3905 Gronov.
1254 3872 1313 3905 cor·

195 3964 200 3971 -
251 3928 459 3998 nndeillaregio
469 3926 761 4001 Chalcidicafuitrppel·
802 3942 866 3983 rect.
884 3947 898 3982 a
916 3932 1001 4001 Bong.
1017 3942 1044 3983 et
1057 3930 1154 3983 lustin.
1169 3930 1226 3997 lx,
1240 3950 1270 3995 a,
1286 3950 1312 3995 r,

251 4009 321 4071 lats,
341 4019 380 4058 est
401 4008 504 4058 (liubin
523 4008 625 4061 Confer
647 4006 760 4062 Diodor.
802 4024 854 4079 pro
871 4020 989 4081 corrupt.
1007 4008 1121 4074 Matheo,
1140 4009 1213 4062 litera
1229 4029 1252 4060 m
1274 4022 1312 4061 te·

253 4082 744 4157 XV1,53;Thucyd.11‚1sea1it›i.
803 4106 875 4140 mere
899 4107 914 4141 e
929 4086 1088 4159 precedenti
1107 4106 1173 4145 voce
1192 4090 1310 4161 repetita.

289 4186 312 4218 a.
324 4168 416 4236 Ejecto.
429 4164 473 4219 Sic
485 4178 596 4218 correct.
608 4184 622 4218 a
633 4167 761 4237 Bongors.
804 4166 881 4219 cont
898 4166 968 4219 Flor.
984 4166 1043 4229 111,
1052 4166 1076 4219 5.
