2967 4684
382 340 1075 417 ursroumuuntttutuxxr.
1188 349 1261 435 aar
1342 316 1346 321 ’

202 482 250 534 ne
264 462 346 561 quis
362 462 472 533 ullam
487 466 681 537 attaminet.
696 468 783 556 Quae
799 492 857 539 res
875 490 923 540 ne
937 468 1157 566 virginibus,
1171 486 1258 542 voto
1272 490 1290 544 5

123 579 125 589 '
201 574 379 643 civitatem
406 574 650 665 solventibus,
674 575 791 648 fraudi
819 593 931 669 esset,
954 579 1140 652 decretum
1165 578 1259 652 face-

200 697 299 770 rent,
316 707 368 753 ne
382 708 454 780 qua
471 687 570 781 virgo
594 684 750 759 nuberet
770 688 890 786 prius,
908 716 1016 789 quam
1038 690 1105 762 illae
1123 694 1260 763 maritis

199 791 467 863 traderentur.»
485 794 642 867 Probato
662 798 836 886 consilio,
856 826 932 898 quo
952 816 989 873 et
1014 803 1257 901 superstitioni
1270 818 1292 871 6-

200 915 237 971 et
258 902 437 999 pudicitia
457 906 638 1001 virginum
658 909 932 999 consulebatur,
951 916 1113 984 certatim
1132 938 1259 984 omnes

198 1009 341 1083 feminae
354 1016 553 1111 impensius
565 1034 762 1107 exornatae,
771 1022 810 1090 in
824 1022 998 1120 templum
1004 1026 1154 1095 Veneris
1168 1047 1258 1094 con·

199 1125 374 1195 veniunt:
391 1150 481 1223 quas
502 1151 629 1199 omnes
650 1130 862 1226 Dionysius,
879 1132 1046 1203 immissis
1064 1130 1289 1222 militibus,7

199 1234 343 1331 spoliat,
357 1250 642 1335 ornamentaque
659 1249 907 1312 matronarum
924 1244 963 1311 in
981 1242 1136 1340 praedam
1155 1267 1257 1314 suam

197 1346 312 1415 vertit.
331 1345 566 1435 Quarundam
587 1349 683 1420 viros
704 1348 851 1422 ditiores
869 1350 1062 1442 interficit,
1082 1352 1285 1449 quasdamt

199 1452 244 1523 ad
266 1454 470 1552 prodendas
494 1458 655 1531 virorum
676 1463 848 1559 pecunias
874 1478 1032 1561 torquet.
1054 1466 1175 1553 Quum
1198 1463 1284 1545 hiso

197 1564 334 1637 artibus
347 1592 412 1666 per
424 1592 541 1641 anuos
554 1594 617 1641 sex
629 1587 831 1669 regnasset,
842 1576 1111 1674 conspiratione
1123 1580 1257 1648 Locro-

196 1700 277 1747 rum
295 1678 434 1749 civitate
452 1678 598 1777 pulsus,
616 1683 655 1749 iu
677 1683 830 1753 Siciliam
855 1683 959 1755 redit.
983 1683 1039 1756 Ibi
1064 1688 1256 1779 Syracusas
1268 1715 1301 1753 ιο

196 1790 329 1859 securis
347 1788 538 1877 omnibus,
552 1805 636 1887 post
653 1790 799 1888 longam
815 1792 1124 1890 intercapedinem
1136 1796 1255 1894 pacis,

196 1921 261 1995 per
277 1897 522 1996 proditionem
539 1901 687 1998 recepit.

242 2012 298 2080 IV.
318 2013 413 2079 Dum
430 2004 507 2079 haec
526 2010 564 2079 in
584 2010 700 2081 Sicilia
713 2003 906 2107 geruntur,
919 2014 1065 2084 interim
1077 2014 1116 2084 in
1134 2012 1280 2086 Africar

194 2122 362 2219 princeps
379 2118 727 2217 Carthaginiensium
745 2125 878 2193 Hanno
897 2146 985 2219 opes
1002 2148 1101 2208 suas,
1119 2124 1252 2219 quibus

192 2233 286 2304 vires
302 2230 508 2331 reipublicae
526 2229 738 2330 superabat,
755 2232 801 2303 ad
818 2231 1069 2330 occupandam
1091 2231 1253 2305 domina·
1277 2286 1281 2293 ,

192 2344 330 2414 tionem
351 2340 524 2430 intendit,
541 2366 767 2440 regnumque
784 2342 974 2429 invadere,
989 2339 1178 2413 interfecto
1195 2369 1249 2415 se-

193 2467 301 2543 natu,
325 2469 476 2526 conatus
499 2467 561 2525 est.
584 2456 650 2525 Cui
677 2451 802 2523 sceleri
827 2452 1015 2523 solennem
1041 2454 1278 2550 nuptiaruma

193 2562 288 2635 diem
309 2562 389 2634 filiae
414 2578 486 2635 suae
509 2563 614 2662 legit,
630 2576 672 2634 ut
693 2563 867 2661 religione
884 2577 1074 2651 votorum,
1092 2561 1248 2637 nefanda

193 2690 397 2745 commenta
413 2673 551 2745 facilius
569 2688 786 2773 tegerentur.
806 2679 931 2772 Itaque
953 2673 1051 2773 plebi
1068 2675 1219 2774 epulas
1209 2702 1248 2749 1n
1263 2690 1281 2745 3

192 2784 344 2883 puhlicis
369 2785 587 2883 porticibus,
610 2789 750 2858 senatui
778 2788 818 2855 in
846 2786 955 2857 domo
980 2812 1045 2859 sua
1066 2802 1186 2886 parat,
1208 2803 1250 2860 ut

192 2894 331 2993 poculis
357 2920 501 2967 veneno
528 2895 691 2985 infectis,
714 2898 884 2970 secretius
906 2913 1090 2987 senatum,
1111 2914 1149 2969 et
1171 2903 1250 2971 sine

191 3004 353 3091 arbitris,
366 3004 605 3097 interficeret,
619 3007 820 3105 orbamque
834 3008 1095 3107 rempublicam
1111 3008 1251 3083 facilius

191 3117 386 3188 invaderet.
394 3118 473 3207 Qua
484 3143 523 3188 re
535 3117 800 3215 magistratibus
814 3144 879 3218 per
892 3122 1077 3193 ministros
1091 3123 1277 3220 proditam·

191 3226 306 3299 scelus
328 3226 566 3317 declinatum,
589 3254 666 3299 non
690 3228 915 3302 vindicatum
941 3246 1018 3319 est,
1038 3256 1086 3303 ne
1107 3233 1145 3301 in
1170 3232 1249 3301 viro

96 3370 97 3377 ¹
191 3352 265 3411 tam
290 3342 431 3439 potenti
455 3339 535 3438 plus
561 3341 695 3438 negotii
720 3338 855 3412 laceret
875 3366 933 3411 res
957 3343 1118 3438 cognita,
1140 3364 1249 3438 quam

227 3500 253 3553 5.
267 3502 370 3553 marim.
386 3501 462 3564 Viris,
475 3501 548 3573 qnod
559 3502 634 3554 estin
647 3520 701 3554 uno
741 3512 881 3573 postquam
895 3501 983 3555 Sicilia
1001 3511 1124 3563 cesserat,
1142 3509 1251 3553 exutum

189 3576 296 3644 codice,
309 3580 414 3651 prefert
427 3580 584 3635 Schellerus.
741 3580 821 3634 fnisse
833 3578 889 3632 dixi
901 3592 956 3631 not.
968 3576 1001 3631 ad
1012 3580 1036 3645 S.
1052 3582 1076 3631 ι’.

138 3658 141 3664 ’
226 3674 252 3726 9.
267 3664 323 3710 Sea.
338 3660 430 3713 Pulsus
449 3677 463 3711 e
483 3659 569 3713 Sicilia
588 3678 630 3711 an.
649 3656 700 3726 398
743 3654 745 3659 ’
780 3678 820 3711 ιο.
834 3657 1078 3709 matamala
1091 3654 1153 3708 edd.
1166 3655 1249 3729 antiq.

192 3734 258 3803 (vid.
272 3748 328 3789 not.
341 3736 374 3788 ed
390 3755 446 3809 cap.
461 3756 489 3799 a,
504 3738 537 3801 8,
549 3750 575 3789 et
591 3738 618 3788 h.
631 3754 654 3787 c.
668 3735 702 3788 ad
741 3737 907 3789 conditionem.
918 3766 952 3776 —
966 3737 1044 3787 Anno
1055 3732 1135 3785 Urbis
1148 3736 1208 3795 408.

192 3815 217 3881 S.
234 3816 279 3883 a),
288 3814 342 3867 hnc
353 3832 423 3867 anuo
435 3814 542 3867 demum
556 3815 606 3877 408
615 3832 702 3867 rever·
776 3814 828 3867 IV.
843 3834 866 3867 r.
879 3820 976 3866 Hanno.
990 3811 1066 3864 Idem
1079 3812 1125 3882 qui
1136 3810 1206 3878 XX,
1220 3814 1250 3877 5,

192 3910 367 3955 ausnonaea,
379 3890 424 3945 sed
433 3892 702 3945 decemannosinlta·
744 3910 792 3957 τις
807 3894 882 3964 cujus
895 3891 996 3943 lacinus
1008 3890 1105 3942 Nostro
1116 3891 1165 3941 soli
1177 3909 1250 3944 coru·

191 3970 226 4021 lla
238 3970 379 4041 regnant
390 3989 440 4023 mu
433 3971 513 4025 velia
523 3970 576 4022 hoc
588 3969 622 4021 de
633 3969 701 4021 llbe-
741 3982 956 4025 memoratumex
965 3969 1062 4022 Nostro
1075 3967 1172 4041 repetit
1180 3970 1249 4023 Oro·

194 4048 317 4118 ginorum
339 4048 451 4121 imperio
474 4048 624 4121 explicare,
647 4066 701 4120 quo
742 4049 811 4115 sius,
824 4049 869 4101 lib.
882 4048 973 4112 IV,6

194 4144 255 4179 eum
268 4146 403 4199 annulum
424 4128 488 4195 403,
508 4127 538 4183 id
557 4140 614 4193 est,
628 4140 703 4182 sexto
778 4134 804 4194 4.
816 4134 862 4182 lles
877 4130 983 4199 εομιὶα.
995 4126 1073 4182 cont
1086 4127 1170 4182 Tacit.
1180 4103 1251 4180 An'n.
