2967 4684
270 353 334 438 viu
561 378 564 385 ’
684 366 947 439 necronr
1064 396 1085 407 ··

268 519 376 599 auxit
390 515 545 601 divitiis
565 518 740 629 :quique
754 515 959 629 praecipue
980 516 1135 599 caeteris
1152 544 1329 631 eoprae-

268 657 372 741 stare
389 656 508 740 nobis
528 658 636 741 visus
656 674 735 761 est,
754 652 866 765 qnod
885 651 1201 762 (difficillimum
1222 657 1328 739 inter

268 782 471 909 eruditos)
486 795 651 877 retinnit
665 824 713 877 ex
732 792 959 914 eruditione
980 791 1170 877 modum.
1186 794 1328 903 Quam

268 950 406 1015 autem
418 935 459 1015 in
475 930 685 1017 tractando
695 930 724 1015 J
725 934 860 1015 ustino
870 933 1174 1045 exquisitissimi
1186 933 1250 1015 vir
1260 933 1328 1017 ille

265 1068 405 1181 judicii
424 1072 535 1155 viam
556 1090 749 1183 sequutus
779 1073 854 1177 sit,
882 1101 967 1154 non
995 1072 1143 1155 meiius
1171 1072 1328 1186 possim

267 1237 487 1321 exponere,
505 1239 631 1321 quam
647 1227 760 1324 parte
775 1208 1023 1323 praefationis
1042 1211 1187 1317 relata,
1201 1210 1231 1295 J
1232 1214 1330 1297 usti·

265 1348 397 1431 nianae
414 1344 581 1430 editioni
601 1348 652 1430 ab
672 1376 720 1430 eo
741 1349 974 1461 praemissae.

326 1524 345 1563 «
367 1484 417 1568 In
439 1488 565 1601 ipsius
583 1485 779 1602 (Justini)
798 1506 911 1577 textu
930 1484 1215 1571 constituendo
1228 1488 1328 1593 ‚in-

271 1660 290 1698 «
312 1625 403 1734 quit
414 1622 602 1727 Wetzel,
618 1622 833 1709 Graevium
852 1654 946 1709 snm
965 1646 1179 1737 sequutus,
1199 1656 1223 1707 a
1242 1656 1326 1737 quo

272 1798 291 1838 ιι
315 1782 452 1846 tamen
472 1764 676 1847 multisin
696 1762 798 1847 loeis
824 1762 1019 1868 discessi,
1045 1760 1328 1875 quodquaevis

273 1938 292 1979 ιι
315 1905 461 2015 pagina
475 1903 552 1986 tibi
567 1903 750 1987 ostendet
762 1922 879 1987 notas
891 1901 1143 2015 percurrenti
1160 1933 1170 1984 z
1186 1932 1331 2014 qnam-

274 2078 294 2116 ιι
316 2052 450 2151 quam'
460 2040 504 2121 id
519 2070 601 2125 non
620 2070 782 2157 semper
795 2040 995 2146 indicavi,
1010 2070 1141 2152 quum
1155 2036 1332 2125 Codices

274 2214 294 2255 ιι
318 2198 510 2289 sequutus
533 2181 635 2279 sim,
656 2182 725 2291 qui
753 2181 971 2263 lectionem
998 2180 1203 2292 potiorem
1222 2178 1331 2261 mihi

274 2354 293 2396 ιι
317 2316 553 2403 viderentur
571 2319 763 2403 exhibere
766 2382 851 2402 ......
872 2352 893 2392 n

328 2494 347 2534 ιι
364 2456 414 2537 In
427 2456 665 2540 illustrando
679 2458 1039 2570 scriptore,qnum
1051 2454 1329 2562 difficultates,

274 2630 292 2671 ιι
314 2622 407 2703 quae
417 2594 639 2677 verborum
652 2614 874 2697 structura,
887 2598 1179 2679 sententiarum
1191 2595 1332 2677 obscu-

275 2768 294 2807 «
317 2731 455 2835 ritate,
476 2731 610 2813 etalio
630 2731 701 2813 tali
721 2762 859 2816 caussa
873 2734 1074 2837 oriuntur,
1088 2730 1235 2816 editori
1250 2735 1332 2816 sint

274 2904 294 2947 ιι
317 2865 526 2973 tollendae,
540 2868 605 2951 his
618 2868 831 2953 subvenire
850 2871 960 2954 volui
975 2873 1019 2954 in
1034 2874 1141 2955 notis
1156 2870 1332 2955 substra-

275 3040 294 3082 «
319 3006 383 3087 tis.
404 3002 582 3112 Caetera,
597 3007 818 3093 verborum
836 3010 1190 3122 formulammque
1209 3013 1332 3092 inter·

276 3180 295 3221 ιι
316 3146 585 3258 pretationem
610 3148 654 3227 in
672 3146 860 3233 Indieem
878 3147 1025 3262 rejeci,
1044 3151 1087 3233 in
1112 3179 1196 3261 quo
1218 3148 1331 3231 mul-

274 3320 294 3361 ι
316 3301 407 3367 tum
427 3286 531 3367 mihi
550 3286 703 3399 profuit
723 3286 1035 3395 Fischerianus,
1065 3307 1278 3399 congestus
1307 3316 1332 3367 a

274 3458 293 3499 ιι
316 3420 351 3503 F
353 3426 599 3508 reinshemio
609 3488 621 3529 ,
641 3446 781 3510 auctus
800 3458 824 3509 a
842 3425 1010 3510 Vorstio
1029 3444 1070 3508 et
1095 3423 1330 3529 Scheffero,

274 3598 293 3635 ιι
317 3561 529 3647 translatus
544 3594 567 3645 a
582 3562 773 3648 Fischero
789 3596 838 3647 ex
853 3564 1031 3648 editione
1052 3562 1210 3649 Graevii
1214 3626 1288 3649 .....
1307 3598 1326 3639 »

332 3736 350 3775 ιι
373 3700 557 3816 Scriptor
574 3724 709 3787 autem
725 3724 863 3787 noster
875 3734 1007 3815 quum
1021 3705 1073 3787 sit
1091 3706 1330 3807 historicus,

275 3878 294 3917 «
317 3864 409 3951 quae
428 3846 612 3929 universe
631 3843 683 3926 ad
702 3844 915 3925 historiam
936 3840 1219 3926 illustrandam
1241 3872 1331 3955 per·

276 4016 294 4055 ιι
319 3980 470 4085 tinent,
495 4012 540 4063 ea
570 3984 613 4065 in
643 3984 750 4067 notis
777 3981 860 4066 dixi
866 4047 935 4067 .....
958 3980 1167 4097 Equidem
1187 3978 1330 4093 hujus,

276 4154 294 4195 ιι
318 4146 442 4233 quem
460 4122 633 4234 scriptor
653 4150 769 4208 meus
788 4124 864 4209 sibi
884 4126 1119 4239 proposuit,
1133 4120 1228 4208 finis
1246 4150 1330 4207 non
