2967 4684
369 355 748 426 HISTORIARUM
773 355 933 426 LIBER
958 353 1078 424 XXV.
1179 353 1246 450 377

195 595 1252 623 mmmmmwvmmmmmwwmmmm

492 792 728 894 LIBER
768 789 952 896 XXV.

640 1051 816 1071 m

196 1231 222 1298 Ι.
239 1200 355 1300 lurra
376 1228 467 1300 duos
487 1254 611 1328 reges,
630 1231 853 1328 Antigonum
871 1242 909 1302 et
927 1227 1169 1320 Antiochum,
1187 1245 1284 1302 sta-1

196 1353 272 1412 tuta
281 1365 388 1440 pace,
404 1365 517 1438 quum
528 1343 566 1413 in
576 1340 829 1413 Macedoniam
843 1339 1046 1437 Antigonus
1063 1355 1257 1412 revertere-

196 1465 273 1539 tur,
290 1477 407 1523 novus
425 1452 542 1523 eidem
561 1467 712 1551 repente
730 1451 845 1525 hostis
866 1465 1012 1525 exortus
1032 1464 1095 1522 est.
1116 1452 1285 1550 Quippea

196 1561 306 1650 Galli,
321 1565 383 1661 qui
399 1587 420 1634 a
434 1569 580 1635 Brenno
594 1565 706 1652 duce,
721 1589 835 1662 quum
851 1566 891 1634 in
907 1562 1082 1634 Graeciam
1097 1559 1259 1659 proficis·

197 1687 349 1762 ceretur,
362 1674 408 1745 ad
422 1677 596 1746 terminos
609 1675 727 1772 gentis
739 1674 897 1747 tuendos
907 1673 1024 1749 relicti
1038 1669 1197 1758 fuerant,
1212 1697 1260 1744 ne

196 1782 262 1854 soli
289 1783 428 1856 desides
452 1785 682 1874 viderentur,
706 1785 870 1885 peditum
897 1783 1105 1885 quindecim
1131 1783 1261 1871 millia,

196 1894 359 1989 equitum
376 1896 448 1964 -tria
465 1893 577 1967 millia
595 1914 847 1986 armaverunt,
864 1893 1067 1994 fugatisque
1086 1899 1259 1968 Getarum
1273 1913 1289 1968 3

193 2002 507 2105 Triballorumque
523 2010 654 2106 copiis,
669 2007 893 2080 Macedoniae
908 2009 1157 2096 imminentes,
1171 2005 1262 2104 lega·

194 2130 252 2185 tos
269 2115 315 2185 ad
330 2141 451 2212 regem
469 2119 665 2205 miserunt,
681 2121 744 2214 qui
765 2142 891 2217 pacem
914 2118 947 2186 ei
967 2115 1130 2186 venalem
1152 2113 1262 2186 osfer-

195 2240 294 2314 rent,
313 2226 419 2296 simul
440 2240 477 2296 et
498 2221 592 2323 regis
612 2241 729 2298 eastra
749 2226 1032 2326 specularentur.
1047 2227 1148 2315 Quos
1164 2227 1291 2302 Anti-t

196 2357 332 2431 gonus,
345 2360 413 2433 pro
426 2335 535 2432 regali
548 2333 819 2425 munificentia,
831 2337 970 2433 ingenti
987 2334 1161 2434 adparatu
1175 2360 1263 2433 epu·

197 2443 313 2514 larum
327 2444 372 2515 ad
384 2469 527 2515 coenam
539 2445 711 2516 invitavit.
723 2445 792 2518 Sed
804 2445 897 2517 Galli
911 2446 1114 2544 expositum
1127 2445 1291 2544 grandet

197 2556 275 2626 auri
306 2557 518 2655 argentique
548 2555 695 2655 pondus
725 2557 963 2645 admirantes,
991 2570 1099 2654 atque
1134 2556 1263 2655 praedae

197 2666 361 2741 ubertate
377 2668 543 2741 solicitati
552 2724 562 2760 ,
578 2665 801 2756 infestiores,
817 2692 927 2766 quam
940 2682 1135 2755 venerant,
1147 2691 1264 2740 rever·

197 2792 334 2851 tuntur.
354 2779 495 2875 Quibus
518 2796 554 2854 et
580 2779 794 2880 elephantos
814 2777 858 2850 ad
880 2793 1075 2864 terrorem,
1093 2776 1191 2848 velut
1207 2779 1293 2848 ἑτι-6

197 2891 343 2964 usitatas
355 2891 519 2965 barbaris
530 2892 756 2980 formas,rex
771 2888 914 2962 ostendi
925 2891 1095 2985 jusserat,
1108 2905 1143 2960 et
1156 2913 1264 2960 naves

199 3013 347 3072 onustas
373 3003 486 3100 oopiis
510 3001 778 3074 demonstrari:
801 3005 970 3101 ignarus,
990 2999 1110 3098 quod,
1130 2999 1293 3097 quibus7

233 3195 257 3250 1.
273 3214 296 3249 1.
311 3201 469 3268 Antigonea.
489 3199 635 3265 (lunatam,
654 3201 708 3253 De·
751 3199 837 3268 5,14.
852 3233 887 3244 -
897 3207 973 3255 Auno
987 3203 1068 3256 Urbis
1078 3201 1191 3255 condite
1203 3203 1264 3274 475.

197 3275 285 3329 menii
309 3275 413 3344 lilium,
434 3276 563 3348 Antigoni
585 3290 710 3348 nepotem
786 3280 1263 3352 2.QuiopeGalli,eto.llesp,XXlV,6.

198 3356 267 3430 (eap.
279 3372 308 3422 1,
319 3358 347 3424 8,
358 3356 404 3408 lib.
417 3355 525 3421 XXlV;
537 3357 599 3409 ooll.
609 3356 709 3422 XVII,
786 3359 811 3412 3.
826 3359 940 3410 Venalem
953 3359 1052 3411 Confer
1064 3357 1169 3422 XXIV,
1185 3363 1215 3422 4,
1230 3377 1263 3428 7,

199 3453 228 3500 a,
243 3437 300 3504 ιο),
313 3447 340 3487 et
351 3435 509 3497 Antiochum,
525 3434 608 3508 Syriai
619 3451 709 3506 regem
751 3448 777 3488 et
788 3455 846 3509 cap.
862 3437 893 3500 5,
907 3455 936 3501 ¹3
949 3439 1009 3490 eoll.
1022 3438 1081 3490 Lir.
1094 3435 1263 3503 XXXVIII,

198 3511 315 3581 (XXIV,
326 3514 395 3582 r,8)‚
406 3512 453 3585 qni
466 3511 650 3564 Macedoniam
660 3513 709 3565 eibi
751 3533 800 3586 27,
816 3533 853 3580 nt
864 3513 949 3580 XXI,
966 3535 1014 3582 no,
1029 3517 1060 3580 8,
1072 3513 1118 3566 ubi
1135 3513 1205 3567 Gelli
1220 3512 1264 3566 di·

198 3588 363 3656 vindicabat,
380 3603 487 3662 epatre
502 3603 579 3643 antea
598 3591 709 3644 Seleuoo
750 3606 846 3647 cuntur
854 3613 916 3663 gens
930 3595 1064 3647 nitidissima
1078 3592 1199 3666 rqniendi,
1216 3597 1264 3648 evi·

197 3681 367 3741 occupatam,
381 3670 413 3722 eh
429 3669 509 3742 hujus
521 3682 610 3722 nutem
622 3669 708 3740 perri·
750 3671 847 3723 dissona
857 3674 920 3724 auri.

198 3748 265 3814 nida,
275 3748 416 3801 Ptolemae
426 3747 557 3814 Cerauno,
564 3765 709 3819 possessam
785 3753 810 3804 6.
824 3751 963 3802 laustenes.
977 3748 1097 3801 Gronov.
1109 3761 1135 3800 et
1147 3748 1192 3802 ln'o
1201 3769 1264 3804 eor·

198 3826 317 3895 (XVII,
329 3847 360 3892 a,
375 3827 450 3896 4-5).
461 3827 607 3879 Antiochus
617 3825 709 3898 igitur,
749 3827 813 3899 n‘git
824 3830 963 3892 invisitatas,
976 3838 1095 3897 utsupra
1104 3825 1222 3894 XVIII,
1235 3849 1263 3897 1,

198 3905 302 3958 Seleuci
315 3905 403 3970 lilius,
410 3903 481 3958 cedit
487 3907 542 3976 jam
553 3902 710 3960 Macedonia
751 3909 782 3974 ⁶5
792 3903 865 3980 quod
875 3907 928 3959 hoe
936 3906 996 3958 loeo
1005 3904 1084 3959 habet
1091 3905 1149 3960 Ms.
1158 3906 1264 3974 Orion,

198 3983 352 4054 Antigono,
374 3987 449 4056 cujus
466 3983 575 4054 quidem
599 3996 674 4055 peter
694 4004 710 4038 ι
751 3987 811 4040 coll.
825 3986 900 4039 Curt.
913 3983 969 4050 lX,
981 3987 1006 4038 6.

199 4060 309 4115 Seleuco
316 4075 420 4133 captus,
432 4059 504 4133 apud
513 4061 586 4114 hune
595 4062 709 4128 obtem,
786 4084 811 4134 7.
832 4062 932 4132 Quod..
954 4061 1097 4118 solicitabat.
1115 4061 1149 4114 Id
1163 4076 1217 4132 est,
1234 4082 1262 4118 ee

200 4137 286 4206 XVI,
304 4159 335 4208 2,
353 4140 456 4207 6;c011.
473 4152 530 4195 not
547 4138 581 4194 ad
600 4140 710 4209 XXIV,
752 4141 894 4207 solicitrre,
908 4141 1072 4214 precedente
1089 4145 1196 4214 ι’ςηανιιε.
