2967 4684
407 428 411 435 ,
527 362 820 429 uttttttvoto.
938 382 942 398 ¹
1161 389 1206 439 ,ιι

143 506 430 619 Βαηὴέὶιηιγῑ
442 532 547 615 quos
561 502 729 611 quidem
748 524 843 618 post
858 534 901 587 se
922 505 1105 613 laudari,
1124 542 1206 595 non

145 644 453 763 probatissima
469 643 644 752 tutique
663 640 1031 756 Graeciaejlteliaeve
1042 647 1210 757 'ingenia

145 780 449 873 succensebunt.
465 778 532 863 Ab
548 781 597 863 iis
612 800 749 863 eutem
763 783 869 867 notis
882 814 974 895 quae
989 786 1031 865 in
1043 784 1210 869 Wetze·

146 924 254 1015 lieno
269 919 423 1009 Codice
444 921 696 1025 invenimus,
710 939 755 1005 ut
770 946 890 1034 super
906 920 1052 1005 additae
1067 951 1211 1009 omnes

146 1060 507 1177 distinguerentur,
527 1060 608 1145 hoc
630 1062 745 1172 signo
766 1088 832 1142 nn.
851 1064 914 1144 usi
934 1061 1109 1169 suimus,
1128 1093 1211 1175 quo

146 1198 364 1319 indicatur,
382 1190 498 1285 notes
512 1228 677 1301 omnes,
695 1199 842 1312 quibus
858 1199 960 1283 illud
973 1202 1131 1307 subest,
1143 1223 1214 1286 aut

147 1342 322 1453 integrus
341 1338 393 1423 nb
411 1322 567 1423 editore
587 1370 634 1422 ex
657 1338 882 1424 Veriorum
905 1344 1213 1426 commentariis

147 1478 337 1567 collectus
363 1476 516 1582 fuisse„
531 1498 600 1561 aut
621 1506 751 1590 quum
771 1481 814 1561 iu
832 1478 979 1564 iisdem
996 1510 1214 1565 commen·

148 1618 262 1703 teriis
276 1616 514 1730 prolixiores
530 1634 682 1724 essent,
703 1621 983 1725 concinnatas,
995 1640 1068 1702 aut
1081 1652 1105 1703 e
1119 1640 1215 1734 pro-

148 1758 240 1873 prio
263 1756 375 1842 fonte
393 1754 641 1872 depromtns.
662 1756 872 1873 Tempora
889 1760 1015 1841 etiem
1033 1756 1088 1840 ed
1099 1788 1215 1841 mar-

148 1896 288 2007 ginon
329 1895 577 1981 Wetzeiieni
611 1894 779 1981 Codicis
820 1896 1021 2013 edscriptu
1050 1918 1217 2013 propter

147 2033 269 2147 buitta
295 2032 485 2153 editionis
501 2033 859 2151 'pulchritudinem
879 2037 923 2118 in
948 2038 1056 2119 notis
1072 2033 1217 2149 rejeci·-

149 2202 245 2257 mus
262 2206 272 2257 ε
289 2174 345 2257 ite
359 2195 424 2280 ut,
439 2204 531 2287 quae
549 2178 592 2259 in
607 2172 763 2261 Codice
776 2174 1036 2257 Wetnelian'o
1051 2174 1217 2287 epoebae

149 2342 199 2397 ex
217 2314 402 2424 margine
417 2312 471 2395 ed
485 2314 618 2396 varios
631 2312 659 2395 J
660 2312 784 2395 ustiui
803 2310 1074 2421 paragraphus
1093 2310 1218 2418 respi-

150 2450 286 2553 ciunt,
305 2450 349 2531 in
368 2446 545 2531 editione
565 2468 702 2531 nostra
720 2447 828 2529 notis
846 2443 901 2527 ed
917 2443 1084 2529 eodem
1102 2474 1219 2558 pare·

149 2586 324 2701 grepboe
343 2584 651 2699 respicientibus
670 2582 976 2667 submittantur.

207 2724 333 2837 Quod
353 2724 405 2809 ad
436 2726 681 2839 scripturum
709 2724 908 2837 pertinet,
937 2748 987 2806 ex
1011 2724 1157 2806 usitate
1175 2723 1218 2804 iu

150 2864 450 2983 probatissimis
470 2862 695 2949 Codicibus
715 2859 920 2947 scribendi
937 2862 1093 2945 ratione
1107 2858 1219 2945 dudi-

152 3029 247 3089 mue
267 3004 440 3117 paullo,
469 3013 616 3087 cuussu
626 3066 638 3109 ,
669 3004 888 3111 sarculetur,
918 3002 1113 3114 proelium
1139 3030 1220 3084 :ex

152 3142 337 3252 analogia
353 3158 547 3253 sequutus
553 3197 566 3249 ‚
589 3144 803 3256 loquutus,
824 3166 953 3256 putem
969 3172 981 3223 .·
1000 3161 1220 3250 enetymo·

152 3278 262 3391 logia
278 3280 446 3384 oetam,
475 3280 641 3391 kyerrts,
673 3306 839 3387 numus,
865 3280 979 3386 litus,
1003 3282 1216 3389 lacrymo,

116 3446 120 3455 ·
152 3419 355 3526 solicitus,
378 3419 535 3525 centeri,
558 3419 763 3531 inprimis,
790 3422 979 3525 solenne,
1000 3433 1218 3526 tropum,

153 3557 405 3665 convicium,
432 3558 676 3671 adportetur,
706 3557 923 3664 exsilium,
953 3569 1196 3668 exspectare
1205 3617 1218 3661 ,

152 3699 336 3807 adferre,
358 3717 548 3806 exstare,
575 3718 615 3782 et
641 3698 822 3810 ejusdem
850 3696 964 3797 modi
991 3714 1147 3779 caetere.
1170 3690 1221 3775 In

155 3838 357 3954 corruptis
380 3835 568 3953 pluribus
593 3834 832 3921 nominibus
847 3836 1037 3951 propriis
1063 3856 1221 3947 etymo-

153 3975 305 4088 logiam
320 3974 514 4061 Graecem
529 3978 689 4088 sequuti
703 4006 865 4082 sumus,
878 3973 1057 4089 exempli
1072 3976 1198 4085 gretie
1206 4038 1219 4079 ,

162 4112 380 4226 Thomyn's
422 4144 470 4198 ex
510 4114 722 4201 Herodoto
740 4118 948 4223 tropus),
981 4136 1125 4226 quum·
1150 4116 1219 4196 elii
