2967 4684
358 374 739 443 HISTORIARUM
763 376 922 444 LIBER
947 377 1089 446 XXVI.
1183 373 1252 446 383

188 611 788 635 mmmmm
791 615 1020 636 mmm
1023 617 1254 638 mmmm

471 823 708 925 LIBER
748 822 969 928 XXVI.

627 1115 815 1135 m

188 1321 215 1386 Ι.
235 1288 337 1389 Posr
357 1333 512 1389 mortem
538 1315 668 1414 Pyrrhi
689 1342 766 1387 non
791 1317 829 1386 in
852 1317 1065 1390 Macedonia
1087 1335 1277 1415 tann1m‚1

185 1425 313 1501 'verum
339 1431 445 1500 etiam
471 1433 510 1501 in
540 1431 640 1519 Asia,
665 1429 894 1526 Graeciaque,
923 1432 1044 1528 magni
1072 1429 1250 1506 bellorum
1303 1503 1308 1512 .

75 1558 85 1574 ⁴
186 1555 309 1611 motus
328 1537 439 1612 fuere.
462 1543 556 1612 Nam
579 1554 615 1612 et
638 1540 893 1640 Peloponnesii
917 1565 981 1640 per
1005 1542 1277 1642 proditionema

188 1651 370 1750 Antigono
380 1649 500 1722 traditi
514 1679 521 1722 :
534 1667 570 1724 et
580 1653 740 1730 variante
755 1649 947 1722 hominum
961 1657 1092 1749 partim
1107 1654 1249 1746 dolore,
1262 1680 1277 1734 3

185 1766 314 1860 partim
327 1764 473 1861 gaudio,
483 1777 595 1862 prout
608 1761 756 1861 singulae
771 1761 928 1832 civitates
943 1777 1004 1833 aut
1017 1763 1188 1836 auxilium
1203 1766 1249 1839 de
1292 1776 1293 1782 ’

184 1873 325 1970 Pyrrho
347 1890 598 1973 speraverant,
616 1889 678 1945 aut
700 1887 818 1944 metus
837 1875 1101 1963 sustinuerant,
1120 1876 1168 1946 ita
1187 1891 1249 1948 aut

184 2008 269 2054 cum
280 1986 464 2083 Antigono
479 1987 686 2058 societatem
697 1983 918 2082 jungebant,
930 1999 991 2054 aut
1004 1973 1138 2057 mutuis
1152 1989 1248 2060 inter

181 2117 220 2163 se
243 2095 335 2166 odiis
355 2097 394 2165 in
416 2094 553 2166 bellum
576 2093 742 2165 ruebant.
769 2101 870 2164 Inter
894 2093 995 2166 hunc
1020 2095 1275 2180 turbatarumr

182 2206 452 2302 provinciarum
488 2219 655 2292 motum,
691 2207 866 2301 Epiorum
902 2231 1050 2304 quoque
1069 2207 1170 2279 ¹urbs
1200 2207 1246 2280 ab

182 2313 392 2381 Aristotimo
404 2314 569 2411 principe
582 2316 647 2410 per
659 2315 891 2409 tyrannidem
906 2332 1126 2414 occupatur:
1139 2343 1159 2388 a
1172 2343 1245 2416 quo
1259 2345 1274 2397 5

181 2447 296 2518 quum
312 2423 415 2492 multi
436 2447 480 2493 ex
499 2420 723 2521 primoribus
743 2425 871 2513 occisi,
889 2423 1009 2522 plures
1027 2427 1065 2495 in
1083 2426 1246 2498 exsilium

182 2533 251 2604 acti
271 2548 412 2623 essent,
428 2534 551 2605 AEtolis
574 2558 641 2632 per
663 2533 797 2634 legatos
820 2535 1104 2635 postulantibus,
1124 2568 1141 2603 a
1157 2562 1246 2609 con-

175 2646 280 2744 juges
295 2644 503 2745 liberosque
525 2645 690 2717 exsulum
711 2645 921 2735 redderet,»
940 2649 1059 2746 primo
1078 2651 1245 2748 negavit:

180 2772 320 2854 postea,
336 2759 437 2856 quasi
455 2759 668 2856 poeniteret,
685 2756 941 2856 proficiscendi
959 2757 1005 2830 ad
1022 2785 1108 2832 suos
1126 2764 1273 2840 omni-s

180 2867 249 2939 bus
264 2874 439 2941 matronis
455 2885 669 2968 potestatem
688 2870 807 2958 dedit3
822 2868 989 2969 diemque
1007 2869 1244 2970 profectionis

180 2981 312 3052 statuit
328 2981 399 3051 Illae
414 2983 515 3078 quasi
529 2984 568 3054 in
583 2998 800 3081 perpetuum
815 3007 898 3056 cum
913 2983 998 3054 viris
1017 2981 1272 3075 exsulaturae,7

180 3091 436 3190 pretiosissima
459 3117 611 3190 quaeque
635 3090 858 3179 auferentes,
881 3116 993 3190 quum
1016 3091 1061 3163 ad
1079 3109 1242 3194 portam,

128 3287 132 3294 Ι
180 3199 282 3295 quasi
296 3223 372 3270 uno
386 3200 528 3295 agmine
543 3197 774 3297 profecturae,
785 3199 1058 3288 convenissent,
1068 3199 1241 3273 omnibus

177 3307 288 3381 rebus
316 3308 538 3408 exspoliatae,
563 3313 603 3382 in
626 3334 807 3381 carcerem
829 3309 1069 3382 recluduntur
1085 3339 1093 3380 :
1112 3313 1240 3384 occisis

210 3538 236 3590 Ι.
252 3555 276 3593 1.
290 3567 325 3578 -
339 3537 417 3592 Anno
431 3536 510 3592 Urbis
525 3533 605 3590 cond.
621 3538 682 3601 aas.
723 3548 862 3592 mutarunt
892 3536 920 3589 in
953 3539 1125 3608 Epirotarum,
1155 3553 1239 3605 quum

210 3616 237 3670 3.
252 3619 389 3670 aarum.
404 3617 487 3671 Gran,
503 3634 568 3670 arus
584 3617 685 3670 marah
724 3615 800 3687 Epiri
812 3615 904 3668 incolae
914 3633 968 3668 non
982 3616 1062 3686 Epiri,
1073 3611 1120 3666 sed
1133 3616 1239 3686 ἱρένατω

174 3695 280 3748 uuam
284 3714 448 3768 ,quosensu
459 3695 518 3750 Lir-
530 3693 640 3760 xxvl,
654 3712 682 3750 ιε
725 3693 856 3751 dicantur.
870 3694 904 3746 At
917 3713 972 3748 uon
989 3692 1156 3764 Epirotarum
1174 3691 1237 3746 urbs

174 3775 289 3828 &cunda
305 3773 454 3848 adversque
467 3793 504 3826 res
519 3778 620 3826 canant
635 3793 685 3826 uon
726 3785 869 3844 occupatur
883 3773 915 3824 ah
928 3770 1095 3834 Aristotimo,
1105 3769 1152 3822 ted
1163 3773 1237 3844 ἱρέα·

168 3852 296 3919 sormam
313 3858 408 3925 nqis,
432 3873 504 3927 quan
525 3857 618 3906 amireos
639 3854 684 3904 ho·
723 3873 790 3918 marr,
802 3853 998 3922 sivesspeorum,
1009 3849 1236 3922 quierecinunt

173 3935 271 3986 nuum.
720 3932 815 3986 'serm
821 3930 1016 4001 dictiabEpeo,
1023 3929 1126 4000 Pelopis
1133 3929 1234 4002 equali

209 4015 363 4092 4.ἱρέανιαιι.Ι
371 4008 685 4083 Itawrrigendumexir·
723 4011 765 4064 El
768 4010 808 4064 das
821 4029 897 4082 rege
908 4011 988 4064 Hom
1002 4007 1056 4062 od.
1067 4009 1140 4060 XIII
1144 4013 1233 4098 ⁹²7⁵)
1333 4050 1336 4064 ,

173 4088 262 4144 timavi
271 4085 462 4162 exconjectura
475 4089 552 4143 fabri
562 4107 612 4161 pro
620 4091 682 4160 ἱρέ-
723 4089 777 4142 XV
780 4107 867 4160 ,297:
878 4089 913 4142 ita
925 4101 954 4140 ut
964 4091 1021 4160 ἱρέέ
1032 4089 1084 4142 hoc
1096 4088 1156 4152 Ioco
1168 4087 1233 4144 anti·

173 4185 264 4232 rorum,
285 4169 358 4241 qnod
377 4182 447 4222 recte
466 4168 510 4222 alii
522 4168 600 4222 MSS.
621 4167 681 4225 libri
722 4167 1021 4241 quonominesintElii.
