2967 4684
301 415 304 419 ‘
364 432 742 502 msrormauu
769 432 926 501 creari
952 434 1100 502 xviri.
1192 428 1262 505 323

199 555 311 653 patris
335 579 355 624 a
380 557 496 650 Tyro,
522 577 595 650 quo
619 551 774 622 decimas
796 554 940 625 Herculi
964 552 1058 651 ferre
1082 578 1126 625 ex
1143 554 1265 653 praeda

200 666 393 754 Siciliensi,
413 689 522 762 quam
540 680 642 763 pater
655 664 732 760 ejus
749 680 909 761 ceperat,
924 690 945 735 a
960 665 1263 763 Carthaginiensi·

202 776 271 848 bus
290 778 420 847 missus
438 774 570 865 fuerat,
583 789 837 862 reverteretur,
851 780 1110 875 arcessitusque
1126 804 1146 849 a
1163 794 1264 876 patre

203 902 311 975 esset,
328 890 463 959 «Prius
482 886 636 986 publicae
652 912 690 957 se
709 886 892 985 religionis
911 887 1030 960 officia
1048 904 1266 989 exsequutu-

168 1024 300 1088 2rum,
320 1023 429 1095 quam
452 1000 597 1097 privatae
623 1000 808 1098 pietatis,»
829 1001 1027 1099 respondit.
1047 1006 1164 1094 Quam
1188 1016 1295 1074 rems

204 1112 271 1182 etsi
287 1109 438 1208 indigne
454 1108 565 1181 ferret
581 1125 701 1210 pater,
715 1136 793 1181 non
809 1125 930 1182 tamen
944 1114 1016 1183 vim
1032 1113 1172 1187 adferre
1189 1114 1268 1185 reli·

204 1223 305 1319 gioni
332 1246 438 1293 ausus
467 1237 529 1293 est.
552 1222 755 1318 Interjectis
782 1220 920 1293 deinde'
938 1221 1083 1311 diebus,
1103 1224 1296 1312 Carta10,9

203 1334 318 1431 petito
337 1347 539 1403 commeatu
556 1356 576 1402 a
592 1332 744 1431 populo,
759 1356 872 1431 quum
888 1358 1054 1405 reversus
1070 1332 1115 1404 ad
1131 1350 1270 1431 patrem

206 1457 318 1531 esset;
335 1457 558 1539 ornatusque
569 1467 754 1541 purpura,
771 1458 807 1515 et
823 1443 946 1517 infulis
965 1444 1177 1534 sacerdotii,
1193 1471 1270 1515 om-

207 1554 310 1623 nium
329 1577 366 1623 se
386 1552 500 1625 oculis
518 1556 715 1650 ingereret,
733 1568 822 1626 tunc
847 1557 885 1626 in
910 1573 1090 1631 secretum
1112 1556 1270 1629 abducto

207 1677 309 1760 pater
318 1663 367 1732 ait
377 1690 384 1732 :
395 1693 412 1727 «
422 1666 587 1735 Aususne
596 1687 653 1751 es,
664 1661 962 1737 nefandissimum
974 1682 1100 1765 eaput,
1110 1672 1176 1739 ista
1185 1693 1272 1767 pur-
1286 1692 1318 1727 10

208 1803 225 1838 a
243 1798 334 1871 pura
351 1788 387 1844 et
400 1799 488 1845 auro
503 1779 668 1864 ornatus,
681 1778 721 1845 in
735 1793 972 1876 conspectum
988 1792 1043 1849 tot
1057 1780 1272 1852 miserorum

208 1914 226 1951 α
245 1888 377 1957 civium
391 1888 534 1975 venire;
552 1900 589 1957 et
601 1902 729 1958 moesta
742 1914 784 1959 ac
800 1888 959 1987 lugentia
974 1904 1108 1979 castra,
1123 1892 1274 1961 circum·

207 1998 441 2069 «fluentibus
463 2000 592 2097 quietae
612 1996 788 2071 felicitatis
807 1999 1026 2097 insignibus,
1040 1999 1139 2077 velut
1156 2000 1274 2071 exsul-

208 2140 226 2176 α
245 2109 430 2182 tabundus
452 2113 613 2182 intrare?
634 2114 872 2207 Nusquamne
895 2127 929 2181 te
951 2111 1029 2181 aliis
1047 2112 1181 2207 jactare
1209 2136 1275 2209 po·

208 2251 228 2285 α
245 2223 369 2291 tuisti?
391 2222 519 2291 Nullus
542 2221 645 2291 locus
664 2224 798 2319 aptior,
816 2245 924 2319 quam
943 2220 1067 2291 sordes
1086 2225 1219 2317 patris,
1239 2234 1276 2290 et
1290 2248 1319 2283 ιι

210 2360 227 2394 <t
246 2330 357 2400 exsilii
374 2330 527 2403 infelicis
540 2356 709 2401 aerumnae
728 2329 898 2401 fuerunt?
912 2330 1027 2419 Quid,
1041 2330 1140 2427 quod
1155 2330 1275 2429 paullo
1290 2361 1321 2395 η

211 2470 229 2504 α
248 2455 330 2510 ante
345 2455 510 2527 vocatus,
523 2467 601 2512 non
614 2439 697 2512 dieo
711 2456 868 2539 patrem,
883 2439 1011 2511 ducem
1030 2454 1126 2511 certe
1145 2442 1276 2513 civium

211 2583 229 2617 ι(
248 2567 414 2640 tuorum,
434 2552 590 2650 superbe
609 2554 795 2650 sprevisti?
809 2551 906 2640 Quid
925 2574 1036 2649 porro
1061 2564 1102 2620 tu
1126 2552 1164 2620 in
1190 2574 1276 2648 pur·
1291 2556 1322 2611 13

211 2694 228 2729 α
246 2688 338 2762 pura
354 2666 422 2736 ista
438 2667 657 2760 coronisque
674 2661 790 2750 aliud,
807 2686 916 2759 quam
931 2661 1163 2731 victoriarum
1179 2684 1276 2731 mea-

212 2807 230 2841 «
248 2803 329 2847 rum
347 2776 471 2850 titulos
487 2777 603 2875 geris?
619 2777 801 2866 Quoniam
823 2774 931 2871 igitur
953 2786 992 2842 tu
1013 2774 1049 2841 in
1066 2786 1167 2870 patre
1185 2772 1277 2843 nihil
1292 2788 1325 2844 ¹4

214 2915 232 2951 α
250 2889 320 2957 nisi
336 2887 467 2959 exsulis
483 2912 619 2958 nomen
640 2888 822 2983 agnoscis,
836 2910 902 2981 ego
918 2908 1066 2981 quoque
1085 2886 1278 2983 imperato-

214 3025 232 3059 «
251 3020 328 3065 rem
341 3021 399 3066 me
413 2998 545 3093 magis,
559 3020 668 3093 quam
686 3010 825 3095 patrem
841 2992 1033 3091 judicabo;
1051 3010 1278 3093 statuamque

215 3137 232 3171 «
251 3107 291 3176 iu
313 3120 346 3177 te
367 3105 587 3204 exemplum,
608 3108 755 3203 nequis
778 3105 930 3203 posthac
948 3103 1154 3177 infelicibus
1172 3110 1278 3178 mise·
1343 3202 1353 3209 ἢ

215 3248 232 3283 ιι
252 3219 315 3288 riis
333 3219 445 3316 patris
465 3216 626 3287 illudat.»
642 3221 760 3314 Atque
774 3219 823 3287 ita
839 3241 922 3286 eum
941 3240 1025 3286 cum
1044 3231 1177 3298 ornatu
1196 3222 1323 3302 suo,15

214 3332 255 3398 in
273 3328 478 3399 altissimam
496 3352 640 3397 crucem
656 3330 695 3397 in
711 3341 907 3425 conspeetu
921 3326 1022 3398 urbis
1034 3324 1152 3423 suffigi
1163 3328 1277 3422 jussit.

217 3444 302 3510 Post
318 3462 453 3537 paucos
470 3436 603 3508 deinde
620 3438 695 3507 dies
710 3437 964 3535 Carthaginem
983 3442 1095 3535 capit;
1114 3451 1278 3507 evocato·
1294 3446 1327 3496 16

217 3574 290 3647 que
308 3549 448 3648 populo
466 3548 512 3619 ad
528 3550 763 3637 concionem,
776 3548 889 3619 exsilii
906 3550 1074 3645 injuriam
1093 3550 1278 3646 queritur:

217 3750 332 3822 pertinet
339 3748 373 3801 ad
384 3761 467 3802 totam
474 3767 572 3820 remp,
583 3768 660 3821 aqua
670 3766 727 3800 sum
770 3746 916 3818 ginienses,
929 3747 1029 3817 quippe
1040 3747 1115 3817 Tyro
1127 3758 1213 3811 ortos,
1225 3759 1278 3801 tra·

218 3828 328 3881 missus:
342 3841 368 3881 te
385 3841 475 3879 contra
494 3828 604 3879 salutare
618 3839 657 3879 est
672 3827 728 3897 pri·
769 3825 810 3878 dit
823 3823 957 3877 Diodorus
967 3823 1036 3888 XX,
1053 3830 1094 3887 πά.

218 3919 283 3958 vatae
305 3907 426 3978 pietatis,
444 3904 493 3957 filii
514 3906 638 3977 pietatem
660 3904 729 3974 patri
782 3928 786 3935 .
805 3922 821 3970 9
845 3904 1104 3971 Petitocommeatu.l.
1117 3904 1282 3967 e.,nbeundi

218 3984 371 4054 praestantis.
399 3982 504 4035 Herculi
532 3995 619 4035 autem
645 3984 728 4053 Tyrio
769 3981 881 4033 licentia.
897 4000 942 4033 nn.

220 4060 609 4128 (Xl,1o‚ro‚etXVlll,d,
624 4062 674 4113 bet
687 4063 729 4129 15)
809 4064 847 4113 16.
862 4058 951 4110 Basilii
962 4060 1083 4127 iujuriam.
1095 4058 1221 4129 lnjuriarn
1231 4061 1281 4113 sibi

222 4140 339 4192 omnium
346 4137 731 4192 redituumdecimastransmi't·
771 4159 784 4191 a
795 4138 896 4191 civibus
906 4140 1016 4203 illatam,
1026 4156 1041 4189 a
1050 4139 1146 4209 quibus
1157 4140 1189 4191 sit
1198 4140 1225 4191 in
1237 4158 1282 4191 ex·

222 4226 277 4269 tere
291 4218 323 4270 ab
335 4218 412 4272 initio
426 4216 516 4271 solitos
528 4218 607 4270 fuisse
621 4217 729 4271 Cartha·
772 4219 858 4271 silium
872 4221 971 4291 pulsus.
985 4250 1019 4261 —-
1032 4216 1175 4271 Auctoribus
1184 4222 1281 4270 misero·
