2967 4684
216 337 283 384 ω
530 286 532 291 ’
639 317 848 386 Jusrrru

215 453 288 509 tam
303 440 408 535 pauci
423 441 678 526 remanserint,
690 463 813 526 orare3
828 437 891 509 sed
907 459 975 535 pro
988 437 1140 507 innoxio
1156 435 1283 534 patriae

217 548 315 636 solO,
333 562 370 619 et
389 573 457 647 pro
475 547 585 638 urbe,
604 573 683 651 quae
702 574 781 620 non
800 552 896 620 viros
914 563 1076 636 tantum,
1095 573 1222 620 verum
1243 560 1280 618 et

190 663 314 731 5Deos
344 663 550 758 genuerit.»
574 663 715 732 Privata
743 663 850 732 etiam
878 685 1000 759 regem
1026 661 1280 760 superstitione

220 769 433 870 deprecatur
447 775 558 870 geniti
572 771 669 871 apud
684 775 781 871 ipsos
794 771 977 857 Herculis,
990 767 1089 841 unde
1104 771 1280 867 originem

220 907 310 981 gens
328 884 552 956 AEaoidarum
569 885 707 973 trahat3
728 899 880 981 actaque
899 883 1033 954 Thebis
1048 907 1070 952 a
1085 895 1188 981 patre
1206 880 1282 976 ejus

193 993 388 1094 6Philippo
409 997 570 1093 pueritia.
590 1002 721 1094 Rogat,
738 1027 756 1063 a
772 995 865 1066 Urbi
881 1007 1020 1093 parcat,
1036 1017 1116 1092 quae
1130 993 1283 1088 majores

223 1106 299 1201 ejus
315 1109 445 1204 partim
462 1107 558 1206 apud
575 1133 612 1178 se
629 1109 771 1204 genitos
782 1111 879 1177 Deos
893 1106 1039 1193 adoret3
1053 1106 1184 1203 partim
1198 1101 1284 1171 edu·

224 1232 323 1287 catos
341 1243 487 1288 summae
505 1219 696 1314 majestatis
711 1243 813 1313 reges
830 1216 967 1286 viderit.
978 1246 996 1280 s
1014 1215 1082 1286 Sed
1101 1214 1286 1314 potentior

197 1324 293 1402 ituit
308 1329 376 1414 ira,
390 1353 498 1424 quam
514 1349 648 1426 preces
662 1329 789 1423 Itaque
802 1325 892 1395 urbs
908 1326 1086 1395 diruitur:
1101 1326 1174 1421 agri
1191 1328 1288 1393 inter

198 1440 379 1509 avictores
400 1433 635 1509 dividuntur:
655 1439 786 1534 captivi
808 1434 877 1506 sub
898 1459 1036 1506 corona
1053 1433 1287 1504 venduntur:

228 1573 384 1647 quorum
401 1550 555 1646 pretium
574 1571 651 1617 non
665 1571 714 1622 ex
731 1549 929 1617 ementium
948 1545 1158 1632 commodo,
1171 1544 1233 1616 sed
1246 1567 1288 1614 ex

200 1675 216 1727 9
231 1662 460 1731 inimicorum
473 1656 558 1729 odio
573 1657 791 1728 extenditur.
802 1654 1006 1727 Miseranda
1022 1679 1080 1725 res
1097 1653 1291 1726 Athenien·

232 1767 330 1839 sibus
348 1769 431 1838 visa.
454 1772 579 1865 Itaque
603 1781 725 1866 portas
743 1764 890 1864 refugiis
908 1764 1146 1864 profugorum
1164 1781 1292 1837 contra

188 1901 221 1936 ιο
232 1875 465 1950 interdictum
492 1881 584 1975 regis
614 1901 797 1976 aperuere.
822 1880 940 1968 Quam
964 1903 1041 1948 rem
1068 1880 1118 1948 ita
1141 1881 1293 1974 graviter

233 1986 314 2058 tutis
335 1985 551 2077 Alexander,
570 2004 611 2060 ut
633 1987 793 2060 secunda
815 1989 992 2087 legatione
1012 1988 1135 2060 denuo
1159 1987 1294 2060 bellum

234 2097 533 2197 deprecantibus,
552 2105 602 2172 ita
627 2100 773 2172 demum
794 2103 990 2189 remiserit,
1012 2115 1055 2172 ut
1076 2114 1236 2171 oratores
1260 2111 1297 2171 et

234 2209 362 2298 duces,
378 2233 535 2308 quorum
547 2209 680 2284 fiducia
693 2212 798 2284 toties
811 2211 1004 2299 rebellent,
1016 2210 1085 2283 sibi
1098 2211 1296 2284 dedantur:

192 2345 220 2379 ¹1
230 2323 442 2421 'paratisque
452 2323 752 2414 Atheniensibus,
763 2349 811 2397 ne
823 2337 1000 2424 cogantur
1011 2323 1134 2396 subire
1145 2323 1298 2411 bellum,

237 2456 281 2502 eo
298 2457 356 2504 res
372 2434 522 2506 reducta
540 2450 613 2525 est,
629 2449 690 2527 ut,
709 2438 859 2508 retentis
878 2434 1104 2525 oratoribus,
1126 2436 1236 2509 duces
1258 2439 1298 2506 in

194 2565 225 2600 1²
238 2543 401 2616 exsilium
414 2562 605 2642 agerentur
620 2575 627 2618 :
643 2551 706 2646 qui
719 2572 765 2620 ex
780 2551 985 2620 continenti
998 2547 1043 2620 ad
1059 2551 1207 2620 Darium
1223 2571 1302 2646 pro

276 2697 300 2757 4.
310 2691 411 2744 Deosl.
419 2711 442 2744 e.
450 2693 591 2760 Bacchum,
600 2693 749 2750 Herculem.
828 2695 852 2748 8.
861 2697 974 2749 Pretium.
986 2703 1037 2760 440
1043 2695 1136 2748 talenta
1144 2691 1303 2765 inderegem

277 2772 302 2824 5.
320 2775 384 2822 Gens
395 2771 560 2824 AEactdansm.
577 2773 691 2828 AEacidae
702 2776 754 2828 orti
793 2773 936 2827 mulcetue
949 2775 1029 2827 refert
1040 2771 1119 2827 Diod.
1132 2771 1230 2836 XVll,
1244 2779 1286 2836 14.

243 2851 356 2902 suntab
379 2853 476 2916 AEaco,
499 2853 569 2905 Pelei
592 2865 683 2924 patre,
705 2873 755 2907 avo
832 2870 873 2905 ιο.
897 2853 1007 2905 &unda
1036 2855 1164 2923 legatione.
1193 2851 1304 2922 Respice

243 2927 368 2990 Achillis,
378 2931 453 3000 cujus
462 2929 532 2983 lilius
540 2932 657 3004 Pyrrhus
664 2945 756 2986 auctor
795 2949 853 3002 rep.
867 2929 897 2996 3,
909 2934 933 2983 5.
944 2961 978 2972 —
991 2935 1119 2984 remiserit.
1133 2931 1234 2984 bellum
1246 2947 1303 3001 esp.

243 3005 413 3060 tormidine
420 3025 513 3080 regum
521 3010 689 3082 Ephi,unde
697 3026 756 3065 orta
796 3009 863 3076 M.
871 3039 905 3050 -—
916 3015 1036 3062 omme.
1049 3007 1234 3081 Δημαγηοῦς,
1243 3023 1306 3080 qul·

244 3086 395 3158 Olympias,
410 3088 549 3142 Alexandri
562 3103 644 3142 mater
654 3107 710 3164 rap.
723 3092 753 3158 3,
796 3091 834 3143 les
847 3102 903 3141 tum
919 3101 993 3142 erant
1009 3091 1200 3142 Demosthenes
1212 3099 1238 3140 et
1252 3087 1305 3160 Ly-

247 3183 276 3229 rs
289 3164 351 3218 coll.
366 3163 438 3232 Vll,
457 3169 487 3232 6,
504 3185 543 3220 ro.
557 3169 655 3222 Coutn
666 3183 755 3242 pater·
796 3167 1166 3240 curgus,qni,intercedsnte
1175 3164 1305 3231 Demade,

243 3263 309 3298 num
319 3263 405 3316 genas
417 3245 544 3300 referebat
556 3249 702 3303 Alexander
722 3249 757 3302 ad
796 3245 846 3315 (de
858 3265 912 3319 quo
924 3246 979 3312 lx,
994 3255 1026 3312 4,
1040 3265 1051 3299 ι
1064 3253 1132 3316 not.)
1146 3247 1174 3299 in
1188 3247 1308 3299 exsilium

245 3325 395 3377 Herculem.
408 3324 479 3390 vn,
493 3345 517 3392 1,
528 3346 544 3397 7
555 3329 644 3400 ibique
654 3341 710 3382 not.
722 3358 757 3369 -—
796 3345 852 3378 non
864 3339 925 3379 sunt
935 3328 1020 3396 ejecti.
1033 3327 1074 3379 De
1083 3343 1114 3379 re
1123 3337 1210 3379 autem
1217 3325 1308 3377 sontes

246 3409 309 3456 Aere
323 3407 437 3475 matria.
460 3407 570 3478 lleaploe
589 3407 663 3472 Vll,
679 3409 710 3473 5,
731 3427 756 3461 s.
798 3403 879 3458 Diod.
893 3403 992 3470 XVIl,
1009 3406 1050 3458 15.

248 3481 758 3557 Verbaipsapmeeduntpariconstruo·
838 3501 877 3536 rr.
899 3489 938 3535 Ne
958 3495 1084 3553 coganmr.
1099 3483 1158 3537 MS.
1182 3481 1309 3552 Bongars.

247 3561 319 3614 tione
333 3581 396 3616 eun
414 3567 509 3636 privata
525 3569 687 3637 superstitione
706 3567 760 3618 hoc
798 3561 879 3614 habet
898 3579 928 3613 ne
949 3562 1000 3612 lsoee
1022 3573 1148 3632 cogantur.
1176 3559 1311 3632 Adprobat

249 3657 325 3694 sensu
334 3641 506 3713 :deprecatur
514 3661 603 3715 regam
613 3655 702 3696 orator
712 3663 760 3714 per
800 3642 900 3704 Grum,
914 3642 951 3693 sir
967 3640 1134 3712 distinguens
1145 3657 1152 3691 ε
1165 3655 1195 3691 ne
1208 3641 1259 3690 hee
1273 3655 1312 3688 eo·

250 3721 460 3786 superstitionem
467 3723 522 3776 sive
529 3721 684 3792 religionem
695 3723 761 3775 ller-
799 3731 901 3790 gantur,
912 3719 991 3771 subire
1002 3719 1096 3772 bellun.
1108 3735 1155 3772 rm.

250 3793 316 3846 eolis
332 3807 358 3847 et
377 3815 425 3868 per
440 3799 581 3871 pueritiam
600 3817 614 3852 a
636 3800 760 3872 Philippo
838 3818 878 3853 rs.
896 3805 943 3868 Qui
955 3799 1072 3870 (dures).
1091 3799 1125 3850 At
1143 3799 1267 3850 Arnanus
1282 3793 1313 3860 1,

250 3869 296 3921 hie
308 3883 400 3928 aetam.
418 3875 490 3947 Ergo
500 3895 556 3930 non
570 3897 637 3949 opus
649 3890 689 3931 est
700 3895 762 3930 rum
803 3897 850 3946 29,
866 3897 921 3930 non
940 3877 1020 3930 duces
1038 3879 1139 3941 solum,
1158 3875 1205 3929 sed
1224 3875 1314 3946 plures

251 3946 312 4000 Atd.
325 3960 353 4000 et
364 3949 464 4022 aliquot
481 3955 561 4009 eodd.
581 3957 657 4008 malle
674 3955 763 4029 legere
803 3977 909 4030 quoque
915 3959 1011 4010 milites
1017 3958 1045 4010 in
1052 3958 1168 4010 exercitu
1177 3955 1314 4008 Persarum

251 4037 313 4078 «Μ
321 4029 438 4098 puerum.
803 4037 881 4088 luisse
894 4036 986 4102 tradit,
1001 4054 1085 4107 quum
1104 4053 1183 4102 s‚ooo
1195 4031 1230 4087 ad
1245 4031 1315 4085 Gra·

283 4123 312 4176 7.
320 4125 361 4146 v-
369 4105 447 4159 Anno
457 4109 538 4162 Urbis
548 4111 661 4167 conditae
672 4119 730 4182 4¹9·
803 4115 891 4167 nisum
901 4117 953 4168 sint
963 4116 1041 4187 cepti.
