<?xml version="1.0" encoding="UTF-8"?>
<!DOCTYPE html PUBLIC "-//W3C//DTD XHTML 1.0 Transitional//EN"
    "http://www.w3.org/TR/xhtml1/DTD/xhtml1-transitional.dtd">
<html xmlns="http://www.w3.org/1999/xhtml" xml:lang="en" lang="en">
 <head>
  <title>
</title>
<meta http-equiv="Content-Type" content="text/html;charset=utf-8" />
  <meta name='ocr-system' content='tesseract 3.04.00' />
  <meta name='ocr-capabilities' content='ocr_page ocr_carea ocr_par ocr_line ocrx_word'/>
</head>
<body>
  <div class='ocr_page' id='page_1' title='image "./justinihistoria00lemagoog_0161.png"; bbox 0 0 2967 4684; ppageno 0'>
   <div class='ocr_carea' id='block_1_1' title="bbox 219 328 850 404">
    <p class='ocr_par' dir='ltr' id='par_1_1' title="bbox 219 328 850 404">
     <span class='ocr_line' id='line_1_1' title="bbox 219 328 850 404; baseline -0.005 -4"><span class='ocrx_word' id='word_1_1' title='bbox 219 329 287 404; x_wconf 76' lang='lat'><strong>126</strong></span> <span class='ocrx_word' id='word_1_2' title='bbox 640 328 850 397; x_wconf 74' lang='lat' dir='ltr'><strong>IUSTINI</strong></span> 
     </span>
    </p>
   </div>
   <div class='ocr_carea' id='block_1_2' title="bbox 169 446 1280 1104">
    <p class='ocr_par' dir='ltr' id='par_1_2' title="bbox 169 446 1278 772">
     <span class='ocr_line' id='line_1_2' title="bbox 214 446 1277 545; baseline 0.001 -22"><span class='ocrx_word' id='word_1_3' title='bbox 214 452 324 523; x_wconf 79' lang='lat' dir='ltr'><strong>Xerxi</strong></span> <span class='ocrx_word' id='word_1_4' title='bbox 350 461 515 533; x_wconf 87' lang='lat' dir='ltr'><strong>venerat,</strong></span> <span class='ocrx_word' id='word_1_5' title='bbox 534 447 631 517; x_wconf 89' lang='lat' dir='ltr'><strong>inter</strong></span> <span class='ocrx_word' id='word_1_6' title='bbox 654 448 791 545; x_wconf 89' lang='lat' dir='ltr'><strong>primos</strong></span> <span class='ocrx_word' id='word_1_7' title='bbox 812 446 924 519; x_wconf 86' lang='lat' dir='ltr'><strong>duces</strong></span> <span class='ocrx_word' id='word_1_8' title='bbox 948 448 1087 522; x_wconf 79' lang='lat' dir='ltr'><strong>beilum</strong></span> <span class='ocrx_word' id='word_1_9' title='bbox 1107 454 1277 541; x_wconf 87' lang='lat' dir='ltr'><strong>acerrime</strong></span> 
     </span>
     <span class='ocr_line' id='line_1_3' title="bbox 169 556 1276 657; baseline 0.005 -29"><span class='ocrx_word' id='word_1_10' title='bbox 169 560 334 641; x_wconf 67' lang='lat' dir='ltr'><strong>stciebat</strong></span> <span class='ocrx_word' id='word_1_11' title='bbox 345 588 354 632; x_wconf 72' lang='grc' dir='ltr'>ι</span> <span class='ocrx_word' id='word_1_12' title='bbox 366 563 511 657; x_wconf 83' lang='lat' dir='ltr'>Quippe</span> <span class='ocrx_word' id='word_1_13' title='bbox 523 560 617 629; x_wconf 88' lang='lat' dir='ltr'><strong>utin</strong></span> <span class='ocrx_word' id='word_1_14' title='bbox 635 559 714 629; x_wconf 86' lang='lat' dir='ltr'><strong>viro</strong></span> <span class='ocrx_word' id='word_1_15' title='bbox 731 556 946 631; x_wconf 80' lang='lat' dir='ltr'><strong>muliebrem</strong></span> <span class='ocrx_word' id='word_1_16' title='bbox 966 562 1153 649; x_wconf 88' lang='lat' dir='ltr'><strong>timorem,</strong></span> <span class='ocrx_word' id='word_1_17' title='bbox 1169 563 1217 633; x_wconf 84' lang='lat' dir='ltr'><strong>ita</strong></span> <span class='ocrx_word' id='word_1_18' title='bbox 1237 564 1276 633; x_wconf 89' lang='lat' dir='ltr'><strong>in</strong></span> 
     </span>
     <span class='ocr_line' id='line_1_4' title="bbox 170 668 1278 772; baseline 0.001 -28"><span class='ocrx_word' id='word_1_19' title='bbox 170 688 202 744; x_wconf 71' lang='grc' dir='ltr'><strong>ιι</strong></span> <span class='ocrx_word' id='word_1_20' title='bbox 215 672 365 745; x_wconf 89' lang='lat' dir='ltr'><strong>muliere</strong></span> <span class='ocrx_word' id='word_1_21' title='bbox 390 668 530 741; x_wconf 78' lang='lat' dir='ltr'><strong>vuilem</strong></span> <span class='ocrx_word' id='word_1_22' title='bbox 560 668 748 741; x_wconf 84' lang='lat' dir='ltr'>audaciam</span> <span class='ocrx_word' id='word_1_23' title='bbox 783 690 960 742; x_wconf 77' lang='lat' dir='ltr'><strong>cerneres.</strong></span> <span class='ocrx_word' id='word_1_24' title='bbox 992 674 1115 761; x_wconf 87' lang='lat' dir='ltr'><strong>Quum</strong></span> <span class='ocrx_word' id='word_1_25' title='bbox 1145 696 1278 772; x_wconf 74' lang='lat' dir='ltr'><strong>auceps</strong></span> 
     </span>
    </p>

    <p class='ocr_par' dir='ltr' id='par_1_3' title="bbox 215 780 1279 882">
     <span class='ocr_line' id='line_1_5' title="bbox 215 780 1279 882; baseline 0.003 -29"><span class='ocrx_word' id='word_1_26' title='bbox 215 781 378 882; x_wconf 81' lang='lat' dir='ltr'><strong>pralium</strong></span> <span class='ocrx_word' id='word_1_27' title='bbox 395 794 505 868; x_wconf 85' lang='lat' dir='ltr'><strong>esset,</strong></span> <span class='ocrx_word' id='word_1_28' title='bbox 523 780 737 875; x_wconf 82' lang='lat' dir='ltr'><strong>Ionesjuxta</strong></span> <span class='ocrx_word' id='word_1_29' title='bbox 770 796 991 880; x_wconf 75' lang='lat' dir='ltr'><strong>precepttun</strong></span> <span class='ocrx_word' id='word_1_30' title='bbox 1012 782 1279 873; x_wconf 80' lang='lat' dir='ltr'><strong>Themistoclis,</strong></span> 
     </span>
    </p>

    <p class='ocr_par' dir='ltr' id='par_1_4' title="bbox 170 888 1280 1104">
     <span class='ocr_line' id='line_1_6' title="bbox 215 888 1279 992; baseline 0.008 -33"><span class='ocrx_word' id='word_1_31' title='bbox 215 914 346 990; x_wconf 82' lang='lat' dir='ltr'><strong>pugnae</strong></span> <span class='ocrx_word' id='word_1_32' title='bbox 372 913 411 961; x_wconf 91' lang='lat' dir='ltr'><strong>se</strong></span> <span class='ocrx_word' id='word_1_33' title='bbox 436 888 621 988; x_wconf 80' lang='lat' dir='ltr'><strong>pauliatim</strong></span> <span class='ocrx_word' id='word_1_34' title='bbox 647 888 861 963; x_wconf 75' lang='lat' dir='ltr'><strong>subtrahere</strong></span> <span class='ocrx_word' id='word_1_35' title='bbox 888 909 1102 991; x_wconf 86' lang='lat' dir='ltr'><strong>coeperunt:</strong></span> <span class='ocrx_word' id='word_1_36' title='bbox 1123 917 1279 992; x_wconf 83' lang='lat' dir='ltr'><strong>quorum</strong></span> 
     </span>
     <span class='ocr_line' id='line_1_7' title="bbox 170 992 1280 1104; baseline -0.002 -27"><span class='ocrx_word' id='word_1_37' title='bbox 170 999 369 1077; x_wconf 65' lang='lat' dir='ltr'><strong>‚edefectio</strong></span> <span class='ocrx_word' id='word_1_38' title='bbox 390 1003 531 1079; x_wconf 83' lang='lat' dir='ltr'><strong>animos</strong></span> <span class='ocrx_word' id='word_1_39' title='bbox 550 992 765 1074; x_wconf 70' lang='lat' dir='ltr'><strong>caurorum</strong></span> <span class='ocrx_word' id='word_1_40' title='bbox 787 998 901 1099; x_wconf 74' lang='lat' dir='ltr'><strong>fregit.</strong></span> <span class='ocrx_word' id='word_1_41' title='bbox 923 1008 1050 1102; x_wconf 89' lang='lat' dir='ltr'><strong>Itaque</strong></span> <span class='ocrx_word' id='word_1_42' title='bbox 1069 1006 1280 1104; x_wconf 87' lang='lat' dir='ltr'><strong>circumspi-</strong></span> 
     </span>
    </p>
   </div>
   <div class='ocr_carea' id='block_1_3' title="bbox 72 1109 1326 3413">
    <p class='ocr_par' dir='ltr' id='par_1_5' title="bbox 169 1109 1314 1545">
     <span class='ocr_line' id='line_1_8' title="bbox 214 1109 1314 1215; baseline 0.004 -32"><span class='ocrx_word' id='word_1_43' title='bbox 214 1114 352 1183; x_wconf 80' lang='lat' dir='ltr'><strong>cientes</strong></span> <span class='ocrx_word' id='word_1_44' title='bbox 370 1109 496 1210; x_wconf 82' lang='lat' dir='ltr'><strong>fugam</strong></span> <span class='ocrx_word' id='word_1_45' title='bbox 512 1111 699 1212; x_wconf 78' lang='lat' dir='ltr'><strong>pelluntur</strong></span> <span class='ocrx_word' id='word_1_46' title='bbox 718 1116 853 1203; x_wconf 75' lang='lat' dir='ltr'><strong>Persa,</strong></span> <span class='ocrx_word' id='word_1_47' title='bbox 870 1128 908 1187; x_wconf 89' lang='lat' dir='ltr'><strong>et</strong></span> <span class='ocrx_word' id='word_1_48' title='bbox 925 1140 1010 1186; x_wconf 88' lang='lat' dir='ltr'><strong>mox</strong></span> <span class='ocrx_word' id='word_1_49' title='bbox 1033 1115 1157 1215; x_wconf 73' lang='lat' dir='ltr'><strong>prelio</strong></span> <span class='ocrx_word' id='word_1_50' title='bbox 1177 1118 1281 1207; x_wconf 78' lang='lat' dir='ltr'><strong>uicti,</strong></span> <span class='ocrx_word' id='word_1_51' title='bbox 1313 1176 1314 1179; x_wconf 60' lang='grc'>,</span> 
     </span>
     <span class='ocr_line' id='line_1_9' title="bbox 169 1219 1279 1353; baseline 0.001 -56"><span class='ocrx_word' id='word_1_52' title='bbox 169 1258 203 1313; x_wconf 75' lang='grc' dir='ltr'>η</span> <span class='ocrx_word' id='word_1_53' title='bbox 214 1222 256 1293; x_wconf 86' lang='lat' dir='ltr'><strong>iu</strong></span> <span class='ocrx_word' id='word_1_54' title='bbox 268 1219 393 1330; x_wconf 74' lang='lat' dir='ltr'><strong>fugam</strong></span> <span class='ocrx_word' id='word_1_55' title='bbox 405 1238 607 1296; x_wconf 86' lang='lat' dir='ltr'><strong>vertuntur.</strong></span> <span class='ocrx_word' id='word_1_56' title='bbox 621 1228 666 1295; x_wconf 90' lang='lat' dir='ltr'><strong>In</strong></span> <span class='ocrx_word' id='word_1_57' title='bbox 682 1248 757 1321; x_wconf 85' lang='lat' dir='ltr'><strong>qua</strong></span> <span class='ocrx_word' id='word_1_58' title='bbox 775 1224 1014 1323; x_wconf 83' lang='lat' dir='ltr'><strong>trepidatione</strong></span> <span class='ocrx_word' id='word_1_59' title='bbox 1027 1224 1149 1297; x_wconf 72' lang='lat' dir='ltr'><strong>multu</strong></span> <span class='ocrx_word' id='word_1_60' title='bbox 1166 1242 1279 1353; x_wconf 64' lang='lat' dir='ltr'><strong>captae</strong></span> 
     </span>
     <span class='ocr_line' id='line_1_10' title="bbox 216 1335 1282 1434; baseline 0.002 -29"><span class='ocrx_word' id='word_1_61' title='bbox 216 1358 346 1421; x_wconf 82' lang='lat' dir='ltr'><strong>naves,</strong></span> <span class='ocrx_word' id='word_1_62' title='bbox 363 1335 485 1407; x_wconf 79' lang='lat' dir='ltr'><strong>multae</strong></span> <span class='ocrx_word' id='word_1_63' title='bbox 504 1358 649 1407; x_wconf 87' lang='lat' dir='ltr'><strong>mersae·</strong></span> <span class='ocrx_word' id='word_1_64' title='bbox 639 1336 804 1434; x_wconf 88' lang='lat' dir='ltr'><strong>,·plures</strong></span> <span class='ocrx_word' id='word_1_65' title='bbox 810 1350 930 1409; x_wconf 87' lang='lat' dir='ltr'><strong>tamen</strong></span> <span class='ocrx_word' id='word_1_66' title='bbox 949 1361 1028 1409; x_wconf 90' lang='lat' dir='ltr'><strong>non</strong></span> <span class='ocrx_word' id='word_1_67' title='bbox 1044 1340 1166 1408; x_wconf 87' lang='lat' dir='ltr'><strong>minus</strong></span> <span class='ocrx_word' id='word_1_68' title='bbox 1184 1338 1282 1408; x_wconf 81' lang='lat' dir='ltr'><strong>saevi-</strong></span> 
     </span>
     <span class='ocr_line' id='line_1_11' title="bbox 210 1444 1283 1545; baseline 0.003 -28.02"><span class='ocrx_word' id='word_1_69' title='bbox 210 1447 305 1517; x_wconf 82' lang='lat' dir='ltr'><strong>tiam</strong></span> <span class='ocrx_word' id='word_1_70' title='bbox 316 1447 425 1544; x_wconf 84' lang='lat' dir='ltr'><strong>regis,</strong></span> <span class='ocrx_word' id='word_1_71' title='bbox 434 1472 544 1545; x_wconf 89' lang='lat' dir='ltr'><strong>quam</strong></span> <span class='ocrx_word' id='word_1_72' title='bbox 555 1446 699 1520; x_wconf 87' lang='lat' dir='ltr'><strong>hostem</strong></span> <span class='ocrx_word' id='word_1_73' title='bbox 711 1450 891 1537; x_wconf 83' lang='lat' dir='ltr'><strong>timentes,</strong></span> <span class='ocrx_word' id='word_1_74' title='bbox 900 1444 1050 1520; x_wconf 88' lang='lat' dir='ltr'><strong>domum</strong></span> <span class='ocrx_word' id='word_1_75' title='bbox 1061 1446 1283 1521; x_wconf 84' lang='lat' dir='ltr'><strong>dilabuutur</strong></span> 
     </span>
    </p>

    <p class='ocr_par' dir='ltr' id='par_1_6' title="bbox 190 1556 1283 1656">
     <span class='ocr_line' id='line_1_12' title="bbox 190 1556 1283 1656; baseline 0.003 -28"><span class='ocrx_word' id='word_1_76' title='bbox 190 1590 203 1627; x_wconf 84' lang='grc' dir='ltr'><strong>ι</strong></span> <span class='ocrx_word' id='word_1_77' title='bbox 263 1562 362 1629; x_wconf 90' lang='lat' dir='ltr'><strong>XIII.</strong></span> <span class='ocrx_word' id='word_1_78' title='bbox 377 1564 453 1629; x_wconf 87' lang='lat' dir='ltr'><strong>Hoc</strong></span> <span class='ocrx_word' id='word_1_79' title='bbox 467 1558 569 1630; x_wconf 92' lang='lat' dir='ltr'><strong>clade</strong></span> <span class='ocrx_word' id='word_1_80' title='bbox 584 1557 809 1656; x_wconf 83' lang='lat' dir='ltr'><strong>perctdsum,</strong></span> <span class='ocrx_word' id='word_1_81' title='bbox 822 1574 858 1629; x_wconf 89' lang='lat' dir='ltr'><strong>et</strong></span> <span class='ocrx_word' id='word_1_82' title='bbox 872 1556 1024 1629; x_wconf 88' lang='lat' dir='ltr'><strong>dubium</strong></span> <span class='ocrx_word' id='word_1_83' title='bbox 1041 1558 1182 1631; x_wconf 75' lang='lat' dir='ltr'><strong>consilii</strong></span> <span class='ocrx_word' id='word_1_84' title='bbox 1194 1561 1283 1631; x_wconf 87' lang='lat' dir='ltr'><strong>Xer·</strong></span> 
     </span>
    </p>

    <p class='ocr_par' dir='ltr' id='par_1_7' title="bbox 72 1668 1326 3317">
     <span class='ocr_line' id='line_1_13' title="bbox 72 1668 1284 1766; baseline 0 -25"><span class='ocrx_word' id='word_1_85' title='bbox 72 1759 75 1765; x_wconf 28' lang='lat'><strong><em>¹</em></strong></span> <span class='ocrx_word' id='word_1_86' title='bbox 191 1692 300 1741; x_wconf 68' lang='lat' dir='ltr'><strong>axem</strong></span> <span class='ocrx_word' id='word_1_87' title='bbox 326 1668 541 1741; x_wconf 82' lang='lat' dir='ltr'><strong>Mardonius</strong></span> <span class='ocrx_word' id='word_1_88' title='bbox 567 1668 784 1766; x_wconf 82' lang='lat' dir='ltr'><strong>adgreditur.</strong></span> <span class='ocrx_word' id='word_1_89' title='bbox 811 1674 1004 1757; x_wconf 81' lang='lat' dir='ltr'><strong>Hortatur,</strong></span> <span class='ocrx_word' id='word_1_90' title='bbox 1026 1675 1106 1740; x_wconf 79' lang='lat' dir='ltr'><strong>«In</strong></span> <span class='ocrx_word' id='word_1_91' title='bbox 1131 1692 1284 1765; x_wconf 82' lang='lat' dir='ltr'><strong>regnum</strong></span> 
     </span>
     <span class='ocr_line' id='line_1_14' title="bbox 217 1774 1326 1878; baseline 0.002 -29"><span class='ocrx_word' id='word_1_92' title='bbox 217 1777 341 1867; x_wconf 85' lang='lat' dir='ltr'><strong>abeat,</strong></span> <span class='ocrx_word' id='word_1_93' title='bbox 353 1804 401 1851; x_wconf 90' lang='lat' dir='ltr'><strong>ne</strong></span> <span class='ocrx_word' id='word_1_94' title='bbox 412 1779 501 1878; x_wconf 89' lang='lat' dir='ltr'><strong>quid</strong></span> <span class='ocrx_word' id='word_1_95' title='bbox 513 1779 700 1851; x_wconf 85' lang='lat' dir='ltr'><strong>seditionis</strong></span> <span class='ocrx_word' id='word_1_96' title='bbox 710 1794 854 1851; x_wconf 84' lang='lat' dir='ltr'><strong>moveat</strong></span> <span class='ocrx_word' id='word_1_97' title='bbox 867 1777 960 1850; x_wconf 84' lang='lat' dir='ltr'><strong>fama</strong></span> <span class='ocrx_word' id='word_1_98' title='bbox 974 1779 1113 1852; x_wconf 87' lang='lat' dir='ltr'><strong>adversi</strong></span> <span class='ocrx_word' id='word_1_99' title='bbox 1126 1779 1230 1867; x_wconf 90' lang='lat' dir='ltr'><strong>belli,</strong></span> <span class='ocrx_word' id='word_1_100' title='bbox 1245 1783 1284 1851; x_wconf 88' lang='lat' dir='ltr'><strong>in</strong></span> <span class='ocrx_word' id='word_1_101' title='bbox 1323 1774 1326 1781; x_wconf 37' lang='lat'><em>¹</em></span> 
     </span>
     <span class='ocr_line' id='line_1_15' title="bbox 189 1888 1287 1985; baseline -0.001 -23"><span class='ocrx_word' id='word_1_102' title='bbox 189 1890 352 1985; x_wconf 73' lang='lat' dir='ltr'><strong>emejus,</strong></span> <span class='ocrx_word' id='word_1_103' title='bbox 367 1891 474 1962; x_wconf 89' lang='lat' dir='ltr'><strong>sicuti</strong></span> <span class='ocrx_word' id='word_1_104' title='bbox 486 1915 567 1963; x_wconf 87' lang='lat' dir='ltr'><strong>mos</strong></span> <span class='ocrx_word' id='word_1_105' title='bbox 580 1905 653 1980; x_wconf 86' lang='lat' dir='ltr'><strong>est,</strong></span> <span class='ocrx_word' id='word_1_106' title='bbox 665 1893 789 1963; x_wconf 84' lang='lat' dir='ltr'><strong>omnia</strong></span> <span class='ocrx_word' id='word_1_107' title='bbox 802 1890 1000 1963; x_wconf 78' lang='lat' dir='ltr'><strong>extollens:</strong></span> <span class='ocrx_word' id='word_1_108' title='bbox 1015 1888 1083 1961; x_wconf 87' lang='lat' dir='ltr'><strong>sibi</strong></span> <span class='ocrx_word' id='word_1_109' title='bbox 1097 1915 1162 1963; x_wconf 88' lang='lat' dir='ltr'><strong>ccc</strong></span> <span class='ocrx_word' id='word_1_110' title='bbox 1176 1891 1287 1962; x_wconf 78' lang='lat' dir='ltr'><strong>miffia</strong></span> 
     </span>
     <span class='ocr_line' id='line_1_16' title="bbox 217 2001 1287 2101; baseline -0.002 -28"><span class='ocrx_word' id='word_1_111' title='bbox 217 2016 439 2073; x_wconf 83' lang='lat' dir='ltr'><strong>armatorum</strong></span> <span class='ocrx_word' id='word_1_112' title='bbox 460 2001 554 2074; x_wconf 85' lang='lat' dir='ltr'><strong>lecta</strong></span> <span class='ocrx_word' id='word_1_113' title='bbox 574 2027 620 2074; x_wconf 79' lang='lat' dir='ltr'><strong>ex</strong></span> <span class='ocrx_word' id='word_1_114' title='bbox 640 2001 814 2074; x_wconf 84' lang='lat' dir='ltr'><strong>omnibus</strong></span> <span class='ocrx_word' id='word_1_115' title='bbox 839 2003 954 2101; x_wconf 89' lang='lat' dir='ltr'><strong>copiis</strong></span> <span class='ocrx_word' id='word_1_116' title='bbox 979 2001 1163 2100; x_wconf 86' lang='lat' dir='ltr'><strong>relinquat</strong></span> <span class='ocrx_word' id='word_1_117' title='bbox 1183 2029 1191 2071; x_wconf 77' lang='lat' dir='ltr'>x</span> <span class='ocrx_word' id='word_1_118' title='bbox 1215 2024 1287 2100; x_wconf 81' lang='lat' dir='ltr'><strong>qun</strong></span> 
     </span>
     <span class='ocr_line' id='line_1_17' title="bbox 217 2113 1284 2212; baseline 0.004 -31"><span class='ocrx_word' id='word_1_119' title='bbox 217 2134 332 2183; x_wconf 84' lang='lat' dir='ltr'><strong>manu</strong></span> <span class='ocrx_word' id='word_1_120' title='bbox 343 2125 405 2184; x_wconf 87' lang='lat' dir='ltr'><strong>aut</strong></span> <span class='ocrx_word' id='word_1_121' title='bbox 418 2137 502 2185; x_wconf 82' lang='lat' dir='ltr'><strong>cum</strong></span> <span class='ocrx_word' id='word_1_122' title='bbox 519 2113 632 2211; x_wconf 81' lang='lat' dir='ltr'><strong>gloria</strong></span> <span class='ocrx_word' id='word_1_123' title='bbox 645 2114 723 2210; x_wconf 87' lang='lat' dir='ltr'><strong>ejus</strong></span> <span class='ocrx_word' id='word_1_124' title='bbox 734 2113 1024 2212; x_wconf 78' lang='lat' dir='ltr'><strong>perdomitorum</strong></span> <span class='ocrx_word' id='word_1_125' title='bbox 1037 2136 1074 2185; x_wconf 88' lang='lat' dir='ltr'><strong>sc</strong></span> <span class='ocrx_word' id='word_1_126' title='bbox 1089 2116 1284 2186; x_wconf 74' lang='lat' dir='ltr'><strong>Graeciam:</strong></span> 
     </span>
     <span class='ocr_line' id='line_1_18' title="bbox 218 2221 1287 2321; baseline 0.002 -28"><span class='ocrx_word' id='word_1_127' title='bbox 218 2237 300 2312; x_wconf 86' lang='lat' dir='ltr'><strong>aut,</strong></span> <span class='ocrx_word' id='word_1_128' title='bbox 313 2224 343 2294; x_wconf 89' lang='lat' dir='ltr'><strong>si</strong></span> <span class='ocrx_word' id='word_1_129' title='bbox 356 2222 460 2297; x_wconf 84' lang='lat' dir='ltr'><strong>aliter</strong></span> <span class='ocrx_word' id='word_1_130' title='bbox 469 2239 626 2296; x_wconf 85' lang='lat' dir='ltr'><strong>eventus</strong></span> <span class='ocrx_word' id='word_1_131' title='bbox 644 2221 754 2312; x_wconf 81' lang='lat' dir='ltr'><strong>serat,</strong></span> <span class='ocrx_word' id='word_1_132' title='bbox 769 2227 848 2297; x_wconf 90' lang='lat' dir='ltr'><strong>siue</strong></span> <span class='ocrx_word' id='word_1_133' title='bbox 862 2222 1024 2321; x_wconf 86' lang='lat' dir='ltr'><strong>ejusdem</strong></span> <span class='ocrx_word' id='word_1_134' title='bbox 1040 2221 1189 2295; x_wconf 82' lang='lat' dir='ltr'><strong>infamia</strong></span> <span class='ocrx_word' id='word_1_135' title='bbox 1201 2222 1287 2295; x_wconf 90' lang='lat' dir='ltr'><strong>hos·</strong></span> 
     </span>
     <span class='ocr_line' id='line_1_19' title="bbox 191 2326 1287 2425; baseline 0.001 -20"><span class='ocrx_word' id='word_1_136' title='bbox 191 2332 318 2413; x_wconf 69' lang='lat' dir='ltr'><strong>stibus</strong></span> <span class='ocrx_word' id='word_1_137' title='bbox 341 2358 568 2414; x_wconf 74' lang='lat' dir='ltr'><strong>cessurum.»</strong></span> <span class='ocrx_word' id='word_1_138' title='bbox 590 2335 749 2408; x_wconf 85' lang='lat' dir='ltr'><strong>Probato</strong></span> <span class='ocrx_word' id='word_1_139' title='bbox 779 2334 950 2425; x_wconf 79' lang='lat' dir='ltr'><strong>consitio,</strong></span> <span class='ocrx_word' id='word_1_140' title='bbox 972 2326 1167 2407; x_wconf 79' lang='lat' dir='ltr'><strong>Mardonia</strong></span> <span class='ocrx_word' id='word_1_141' title='bbox 1191 2357 1287 2407; x_wconf 83' lang='lat' dir='ltr'><strong>excr-</strong></span> 
     </span>
     <span class='ocr_line' id='line_1_20' title="bbox 220 2444 1287 2545; baseline 0 -30"><span class='ocrx_word' id='word_1_142' title='bbox 220 2445 314 2516; x_wconf 85' lang='lat' dir='ltr'><strong>citus</strong></span> <span class='ocrx_word' id='word_1_143' title='bbox 335 2444 490 2517; x_wconf 77' lang='lat' dir='ltr'><strong>traditru</strong></span> <span class='ocrx_word' id='word_1_144' title='bbox 510 2474 519 2516; x_wconf 77' lang='lat' dir='ltr'><em>z</em></span> <span class='ocrx_word' id='word_1_145' title='bbox 540 2445 699 2542; x_wconf 77' lang='lat' dir='ltr'><strong>reliqtus</strong></span> <span class='ocrx_word' id='word_1_146' title='bbox 721 2448 845 2543; x_wconf 89' lang='lat' dir='ltr'><strong>copias</strong></span> <span class='ocrx_word' id='word_1_147' title='bbox 867 2470 932 2517; x_wconf 84' lang='lat' dir='ltr'><strong>rex</strong></span> <span class='ocrx_word' id='word_1_148' title='bbox 953 2448 1030 2545; x_wconf 90' lang='lat' dir='ltr'><strong>ipse</strong></span> <span class='ocrx_word' id='word_1_149' title='bbox 1051 2444 1224 2517; x_wconf 82' lang='lat' dir='ltr'><strong>reducere</strong></span> <span class='ocrx_word' id='word_1_150' title='bbox 1247 2446 1287 2515; x_wconf 92' lang='lat' dir='ltr'><strong>in</strong></span> 
     </span>
     <span class='ocr_line' id='line_1_21' title="bbox 191 2553 1288 2653; baseline -0.003 -26"><span class='ocrx_word' id='word_1_151' title='bbox 191 2572 375 2651; x_wconf 71' lang='lat' dir='ltr'><strong>tregnum</strong></span> <span class='ocrx_word' id='word_1_152' title='bbox 388 2570 501 2652; x_wconf 82' lang='lat' dir='ltr'><strong>parat.</strong></span> <span class='ocrx_word' id='word_1_153' title='bbox 513 2554 582 2626; x_wconf 89' lang='lat' dir='ltr'><strong>Sed</strong></span> <span class='ocrx_word' id='word_1_154' title='bbox 596 2557 732 2643; x_wconf 87' lang='lat' dir='ltr'><strong>Graeci,</strong></span> <span class='ocrx_word' id='word_1_155' title='bbox 747 2555 869 2627; x_wconf 87' lang='lat' dir='ltr'><strong>audita</strong></span> <span class='ocrx_word' id='word_1_156' title='bbox 881 2557 974 2651; x_wconf 82' lang='lat' dir='ltr'><strong>regis</strong></span> <span class='ocrx_word' id='word_1_157' title='bbox 985 2553 1083 2653; x_wconf 82' lang='lat' dir='ltr'><strong>fuga,</strong></span> <span class='ocrx_word' id='word_1_158' title='bbox 1097 2553 1288 2626; x_wconf 87' lang='lat' dir='ltr'><strong>consilium</strong></span> 
     </span>
     <span class='ocr_line' id='line_1_22' title="bbox 219 2661 1289 2761; baseline -0.001 -27"><span class='ocrx_word' id='word_1_159' title='bbox 219 2664 351 2735; x_wconf 90' lang='lat' dir='ltr'><strong>ineunt</strong></span> <span class='ocrx_word' id='word_1_160' title='bbox 369 2666 493 2761; x_wconf 86' lang='lat' dir='ltr'><strong>pontis</strong></span> <span class='ocrx_word' id='word_1_161' title='bbox 509 2663 821 2761; x_wconf 83' lang='lat' dir='ltr'><strong>interrumpendi,</strong></span> <span class='ocrx_word' id='word_1_162' title='bbox 836 2686 944 2759; x_wconf 87' lang='lat' dir='ltr'><strong>quem</strong></span> <span class='ocrx_word' id='word_1_163' title='bbox 960 2662 1019 2733; x_wconf 87' lang='lat' dir='ltr'><strong>ille</strong></span> <span class='ocrx_word' id='word_1_164' title='bbox 1037 2661 1165 2758; x_wconf 89' lang='lat' dir='ltr'><strong>Abydo</strong></span> <span class='ocrx_word' id='word_1_165' title='bbox 1179 2661 1289 2733; x_wconf 87' lang='lat' dir='ltr'><strong>veluti</strong></span> 
     </span>
     <span class='ocr_line' id='line_1_23' title="bbox 219 2769 1289 2861; baseline 0.002 -20"><span class='ocrx_word' id='word_1_166' title='bbox 219 2772 337 2843; x_wconf 86' lang='lat' dir='ltr'><strong>victor</strong></span> <span class='ocrx_word' id='word_1_167' title='bbox 358 2773 468 2845; x_wconf 82' lang='lat' dir='ltr'><strong>maris</strong></span> <span class='ocrx_word' id='word_1_168' title='bbox 486 2770 640 2861; x_wconf 74' lang='lat' dir='ltr'><strong>fecerat,</strong></span> <span class='ocrx_word' id='word_1_169' title='bbox 662 2787 723 2857; x_wconf 92' lang='lat' dir='ltr'><strong>ut,</strong></span> <span class='ocrx_word' id='word_1_170' title='bbox 746 2770 946 2843; x_wconf 87' lang='lat' dir='ltr'><strong>intercluso</strong></span> <span class='ocrx_word' id='word_1_171' title='bbox 961 2769 1101 2858; x_wconf 90' lang='lat' dir='ltr'><strong>reditu,</strong></span> <span class='ocrx_word' id='word_1_172' title='bbox 1124 2786 1186 2842; x_wconf 87' lang='lat' dir='ltr'><strong>aut</strong></span> <span class='ocrx_word' id='word_1_173' title='bbox 1204 2793 1289 2843; x_wconf 89' lang='lat' dir='ltr'><strong>cum</strong></span> 
     </span>
     <span class='ocr_line' id='line_1_24' title="bbox 119 2881 1289 2983; baseline 0 -30"><span class='ocrx_word' id='word_1_174' title='bbox 119 2887 127 2917; x_wconf 75' lang='lat'><em>¹</em></span> <span class='ocrx_word' id='word_1_175' title='bbox 220 2883 381 2953; x_wconf 83' lang='lat' dir='ltr'><strong>exercitu</strong></span> <span class='ocrx_word' id='word_1_176' title='bbox 409 2881 612 2972; x_wconf 87' lang='lat' dir='ltr'><strong>deleretur,</strong></span> <span class='ocrx_word' id='word_1_177' title='bbox 633 2897 696 2954; x_wconf 91' lang='lat' dir='ltr'><strong>aut</strong></span> <span class='ocrx_word' id='word_1_178' title='bbox 720 2882 972 2981; x_wconf 84' lang='lat' dir='ltr'><strong>desperatione</strong></span> <span class='ocrx_word' id='word_1_179' title='bbox 995 2906 1137 2967; x_wconf 90' lang='lat' dir='ltr'><strong>rerum,</strong></span> <span class='ocrx_word' id='word_1_180' title='bbox 1161 2906 1289 2983; x_wconf 89' lang='lat' dir='ltr'><strong>pacem</strong></span> 
     </span>
     <span class='ocr_line' id='line_1_25' title="bbox 181 2990 1289 3092; baseline 0.004 -31"><span class='ocrx_word' id='word_1_181' title='bbox 181 3008 210 3061; x_wconf 72' lang='lat' dir='ltr'><strong>c</strong></span> <span class='ocrx_word' id='word_1_182' title='bbox 220 2991 338 3065; x_wconf 82' lang='lat' dir='ltr'><strong>victus</strong></span> <span class='ocrx_word' id='word_1_183' title='bbox 356 3008 478 3092; x_wconf 89' lang='lat' dir='ltr'><strong>petere</strong></span> <span class='ocrx_word' id='word_1_184' title='bbox 495 3010 696 3092; x_wconf 84' lang='lat' dir='ltr'><strong>cogeretur.</strong></span> <span class='ocrx_word' id='word_1_185' title='bbox 709 2992 779 3073; x_wconf 89' lang='lat' dir='ltr'><strong>Sed</strong></span> <span class='ocrx_word' id='word_1_186' title='bbox 790 2990 1065 3082; x_wconf 89' lang='lat' dir='ltr'><strong>Themistocles,</strong></span> <span class='ocrx_word' id='word_1_187' title='bbox 1078 2995 1227 3084; x_wconf 87' lang='lat' dir='ltr'><strong>timens,</strong></span> <span class='ocrx_word' id='word_1_188' title='bbox 1242 3018 1289 3065; x_wconf 90' lang='lat' dir='ltr'><strong>ne</strong></span> 
     </span>
     <span class='ocr_line' id='line_1_26' title="bbox 222 3102 1290 3204; baseline 0 -29"><span class='ocrx_word' id='word_1_189' title='bbox 222 3102 411 3176; x_wconf 81' lang='lat' dir='ltr'><strong>interclusi</strong></span> <span class='ocrx_word' id='word_1_190' title='bbox 421 3103 545 3177; x_wconf 88' lang='lat' dir='ltr'><strong>hostes</strong></span> <span class='ocrx_word' id='word_1_191' title='bbox 554 3104 844 3204; x_wconf 83' lang='lat' dir='ltr'><strong>desperationem</strong></span> <span class='ocrx_word' id='word_1_192' title='bbox 854 3105 895 3174; x_wconf 85' lang='lat' dir='ltr'><strong>iu</strong></span> <span class='ocrx_word' id='word_1_193' title='bbox 909 3104 1080 3175; x_wconf 84' lang='lat' dir='ltr'><strong>virtutem</strong></span> <span class='ocrx_word' id='word_1_194' title='bbox 1090 3118 1290 3193; x_wconf 87' lang='lat' dir='ltr'><strong>verterent,</strong></span> 
     </span>
     <span class='ocr_line' id='line_1_27' title="bbox 224 3212 1288 3317; baseline -0.003 -28"><span class='ocrx_word' id='word_1_195' title='bbox 224 3230 261 3290; x_wconf 84' lang='lat' dir='ltr'><strong>et</strong></span> <span class='ocrx_word' id='word_1_196' title='bbox 282 3216 490 3315; x_wconf 83' lang='lat' dir='ltr'><strong>iter,quod¹</strong></span> <span class='ocrx_word' id='word_1_197' title='bbox 510 3216 613 3289; x_wconf 88' lang='lat' dir='ltr'><strong>aliter</strong></span> <span class='ocrx_word' id='word_1_198' title='bbox 631 3242 710 3289; x_wconf 90' lang='lat' dir='ltr'><strong>non</strong></span> <span class='ocrx_word' id='word_1_199' title='bbox 733 3228 890 3317; x_wconf 84' lang='lat' dir='ltr'><strong>pateret,</strong></span> <span class='ocrx_word' id='word_1_200' title='bbox 909 3212 1006 3287; x_wconf 80' lang='lat' dir='ltr'><strong>ferro</strong></span> <span class='ocrx_word' id='word_1_201' title='bbox 1027 3212 1288 3315; x_wconf 80' lang='lat' dir='ltr'><strong>patefacerent,</strong></span> 
     </span>
    </p>

    <p class='ocr_par' dir='ltr' id='par_1_8' title="bbox 222 3324 1290 3413">
     <span class='ocr_line' id='line_1_28' title="bbox 222 3324 1290 3413; baseline -0.001 -18"><span class='ocrx_word' id='word_1_202' title='bbox 222 3358 242 3395; x_wconf 73' lang='grc' dir='ltr'><strong>α</strong></span> <span class='ocrx_word' id='word_1_203' title='bbox 257 3329 348 3400; x_wconf 78' lang='lat' dir='ltr'><strong>Satis</strong></span> <span class='ocrx_word' id='word_1_204' title='bbox 366 3326 500 3401; x_wconf 82' lang='lat' dir='ltr'><strong>multos</strong></span> <span class='ocrx_word' id='word_1_205' title='bbox 521 3326 644 3400; x_wconf 89' lang='lat' dir='ltr'><strong>hostes</strong></span> <span class='ocrx_word' id='word_1_206' title='bbox 662 3330 701 3399; x_wconf 91' lang='lat' dir='ltr'><strong>in</strong></span> <span class='ocrx_word' id='word_1_207' title='bbox 724 3327 862 3400; x_wconf 81' lang='lat' dir='ltr'><strong>Graecia</strong></span> <span class='ocrx_word' id='word_1_208' title='bbox 881 3346 1087 3413; x_wconf 80' lang='lat' dir='ltr'><strong>remanere,</strong></span> <span class='ocrx_word' id='word_1_209' title='bbox 1104 3324 1290 3413; x_wconf 79' lang='lat' dir='ltr'><strong>dictitans,</strong></span> 
     </span>
    </p>
   </div>
   <div class='ocr_carea' id='block_1_4' title="bbox 170 3488 1293 4193">
    <p class='ocr_par' dir='ltr' id='par_1_9' title="bbox 170 3488 1293 4193">
     <span class='ocr_line' id='line_1_29' title="bbox 224 3488 1292 3567; baseline -0.009 -18"><span class='ocrx_word' id='word_1_210' title='bbox 224 3494 319 3567; x_wconf 78' lang='lat'><strong>07.·-</strong></span> <span class='ocrx_word' id='word_1_211' title='bbox 282 3494 508 3547; x_wconf 69' lang='grc' dir='ltr'>-Ηιιὶἰινιιωί,</span> <span class='ocrx_word' id='word_1_212' title='bbox 490 3494 680 3567; x_wconf 54' lang='grc' dir='ltr'>ιῂλᾲωιιω</span> <span class='ocrx_word' id='word_1_213' title='bbox 657 3491 739 3546; x_wconf 74' lang='lat' dir='ltr'><strong>trel</strong></span> <span class='ocrx_word' id='word_1_214' title='bbox 814 3488 948 3563; x_wconf 66' lang='grc' dir='ltr'><strong><em>5..ΑόῙῶ</em></strong></span> <span class='ocrx_word' id='word_1_215' title='bbox 957 3488 1021 3542; x_wconf 87' lang='lat' dir='ltr'><strong>Not.</strong></span> <span class='ocrx_word' id='word_1_216' title='bbox 1029 3504 1174 3559; x_wconf 73' lang='lat' dir='ltr'><strong>tupncep.</strong></span> <span class='ocrx_word' id='word_1_217' title='bbox 1167 3504 1221 3539; x_wconf 89' lang='lat' dir='ltr'><strong>.to</strong></span> <span class='ocrx_word' id='word_1_218' title='bbox 1225 3496 1292 3553; x_wconf 55' lang='grc' dir='ltr'><strong>,ψ</strong></span> 
     </span>
     <span class='ocr_line' id='line_1_30' title="bbox 225 3565 1291 3645; baseline -0.004 -21"><span class='ocrx_word' id='word_1_219' title='bbox 225 3573 388 3645; x_wconf 73' lang='lat' dir='ltr'><strong>Halymmosi</strong></span> <span class='ocrx_word' id='word_1_220' title='bbox 394 3572 740 3645; x_wconf 67' lang='lat' dir='ltr'><strong>simpliciternhibentme·</strong></span> <span class='ocrx_word' id='word_1_221' title='bbox 814 3571 840 3621; x_wconf 88' lang='lat'><strong>6.</strong></span> <span class='ocrx_word' id='word_1_222' title='bbox 854 3572 894 3621; x_wconf 79' lang='lat' dir='ltr'><strong>Nc</strong></span> <span class='ocrx_word' id='word_1_223' title='bbox 905 3568 1035 3621; x_wconf 69' lang='grc' dir='ltr'>ιιιιιιὶιιιὶ.</span> <span class='ocrx_word' id='word_1_224' title='bbox 1042 3567 1170 3638; x_wconf 74' lang='lat' dir='ltr'><strong>vegetius</strong></span> <span class='ocrx_word' id='word_1_225' title='bbox 1181 3565 1237 3632; x_wconf 89' lang='lat'><strong>111</strong></span> <span class='ocrx_word' id='word_1_226' title='bbox 1248 3584 1291 3620; x_wconf 69' lang='grc' dir='ltr'><strong>ιι·</strong></span> 
     </span>
     <span class='ocr_line' id='line_1_31' title="bbox 223 3646 1292 3742; baseline -0.005 -40"><span class='ocrx_word' id='word_1_227' title='bbox 223 3646 1292 3742; x_wconf 56' lang='lat' dir='ltr'><strong>timulss.uuososdqomtmtini.61wisesdaepemuenemsetmdaeetaf</strong></span> 
     </span>
     <span class='ocr_line' id='line_1_32' title="bbox 225 3725 1291 3802; baseline -0.008 -20"><span class='ocrx_word' id='word_1_228' title='bbox 225 3728 742 3802; x_wconf 31' lang='lat' dir='ltr'><strong>-mopmdmwrlmeuddum</strong></span> <span class='ocrx_word' id='word_1_229' title='bbox 781 3746 854 3800; x_wconf 72' lang='lat' dir='ltr'><strong>qum</strong></span> <span class='ocrx_word' id='word_1_230' title='bbox 866 3747 917 3800; x_wconf 75' lang='lat' dir='ltr'><strong>spec</strong></span> <span class='ocrx_word' id='word_1_231' title='bbox 908 3726 1054 3791; x_wconf 72' lang='lat' dir='ltr'><strong>inustae,</strong></span> <span class='ocrx_word' id='word_1_232' title='bbox 1068 3725 1291 3790; x_wconf 75' lang='lat' dir='ltr'><strong>mmitormsor·</strong></span> 
     </span>
     <span class='ocr_line' id='line_1_33' title="bbox 222 3800 1291 3879; baseline -0.007 -19"><span class='ocrx_word' id='word_1_233' title='bbox 222 3824 349 3877; x_wconf 69' lang='lat' dir='ltr'><strong>penora.</strong></span> <span class='ocrx_word' id='word_1_234' title='bbox 361 3827 408 3863; x_wconf 83' lang='lat' dir='ltr'><strong>m.</strong></span> <span class='ocrx_word' id='word_1_235' title='bbox 781 3805 855 3859; x_wconf 60' lang='lat' dir='ltr'><strong>mdo.</strong></span> <span class='ocrx_word' id='word_1_236' title='bbox 867 3804 972 3879; x_wconf 71' lang='lat' dir='ltr'><strong>Ideoque</strong></span> <span class='ocrx_word' id='word_1_237' title='bbox 985 3806 1099 3876; x_wconf 62' lang='grc' dir='ltr'>διῴιοιιὶι</span> <span class='ocrx_word' id='word_1_238' title='bbox 1116 3800 1218 3855; x_wconf 65' lang='lat' dir='ltr'><strong>laudato</strong></span> <span class='ocrx_word' id='word_1_239' title='bbox 1236 3817 1291 3853; x_wconf 78' lang='grc' dir='ltr'>ιειι-</span> 
     </span>
     <span class='ocr_line' id='line_1_34' title="bbox 170 3880 1289 3955; baseline -0.014 -8"><span class='ocrx_word' id='word_1_240' title='bbox 170 3943 173 3947; x_wconf 89' lang='grc'>.</span> <span class='ocrx_word' id='word_1_241' title='bbox 261 3886 739 3955; x_wconf 43' lang='grc' dir='ltr'>ιγᾘῦοιιιωθιιοάιιωιτίὶιωῖίὸὃ</span> <span class='ocrx_word' id='word_1_242' title='bbox 781 3888 912 3948; x_wconf 67' lang='lat' dir='ltr'><strong>mucor,</strong></span> <span class='ocrx_word' id='word_1_243' title='bbox 922 3880 1111 3945; x_wconf 56' lang='lat' dir='ltr'><strong>umbaudus,</strong></span> <span class='ocrx_word' id='word_1_244' title='bbox 1121 3880 1289 3951; x_wconf 67' lang='lat' dir='ltr'><strong>praesagiunt,</strong></span> 
     </span>
     <span class='ocr_line' id='line_1_35' title="bbox 226 3958 1293 4020; baseline -0.006 -3"><span class='ocrx_word' id='word_1_245' title='bbox 226 3962 724 4020; x_wconf 67' lang='lat' dir='ltr'><strong>Floreosetedit.rnbric.mn.</strong></span> <span class='ocrx_word' id='word_1_246' title='bbox 782 3962 1048 4017; x_wconf 61' lang='lat' dir='ltr'><strong>madan-11·</strong></span> <span class='ocrx_word' id='word_1_247' title='bbox 1072 3960 1175 4012; x_wconf 64' lang='lat' dir='ltr'><strong>crocu</strong></span> <span class='ocrx_word' id='word_1_248' title='bbox 1202 3958 1293 4012; x_wconf 80' lang='lat' dir='ltr'><strong>Plures</strong></span> 
     </span>
     <span class='ocr_line' id='line_1_36' title="bbox 232 4038 1292 4115; baseline -0.005 -21"><span class='ocrx_word' id='word_1_249' title='bbox 232 4088 236 4094; x_wconf 83' lang='grc'><em>.</em></span> <span class='ocrx_word' id='word_1_250' title='bbox 259 4038 344 4096; x_wconf 84' lang='lat' dir='ltr'><strong>xm.</strong></span> <span class='ocrx_word' id='word_1_251' title='bbox 358 4042 383 4098; x_wconf 78' lang='grc'><strong>3.</strong></span> <span class='ocrx_word' id='word_1_252' title='bbox 402 4044 453 4095; x_wconf 74' lang='lat' dir='ltr'><strong>ribi</strong></span> <span class='ocrx_word' id='word_1_253' title='bbox 473 4048 577 4115; x_wconf 43' lang='lat' dir='ltr'><strong>inputa</strong></span> <span class='ocrx_word' id='word_1_254' title='bbox 595 4045 671 4097; x_wconf 67' lang='lat' dir='ltr'><strong>atteia</strong></span> <span class='ocrx_word' id='word_1_255' title='bbox 689 4055 740 4097; x_wconf 75' lang='lat' dir='ltr'><strong>ecc.</strong></span> <span class='ocrx_word' id='word_1_256' title='bbox 784 4042 863 4097; x_wconf 78' lang='lat' dir='ltr'><strong>MSS.</strong></span> <span class='ocrx_word' id='word_1_257' title='bbox 876 4040 976 4095; x_wconf 71' lang='lat' dir='ltr'><strong>hubent</strong></span> <span class='ocrx_word' id='word_1_258' title='bbox 992 4044 1019 4092; x_wconf 75' lang='lat' dir='ltr'><strong>tn</strong></span> <span class='ocrx_word' id='word_1_259' title='bbox 1039 4040 1168 4102; x_wconf 71' lang='grc' dir='ltr'>θιαιιηι,</span> <span class='ocrx_word' id='word_1_260' title='bbox 1192 4038 1292 4109; x_wconf 77' lang='lat' dir='ltr'><strong>opums</strong></span> 
     </span>
     <span class='ocr_line' id='line_1_37' title="bbox 227 4116 1223 4193; baseline -0.01 -15"><span class='ocrx_word' id='word_1_261' title='bbox 227 4120 417 4178; x_wconf 66' lang='lat' dir='ltr'><strong>Coufiflerod.</strong></span> <span class='ocrx_word' id='word_1_262' title='bbox 429 4120 518 4189; x_wconf 82' lang='lat' dir='ltr'><strong>vm,</strong></span> <span class='ocrx_word' id='word_1_263' title='bbox 532 4123 669 4190; x_wconf 70' lang='lat'><em>11330011.</em></span> <span class='ocrx_word' id='word_1_264' title='bbox 682 4139 741 4177; x_wconf 82' lang='lat' dir='ltr'><strong>roc.</strong></span> <span class='ocrx_word' id='word_1_265' title='bbox 786 4132 931 4193; x_wconf 81' lang='lat' dir='ltr'><strong>utrumque</strong></span> <span class='ocrx_word' id='word_1_266' title='bbox 945 4116 1018 4191; x_wconf 72' lang='lat' dir='ltr'><strong>opud</strong></span> <span class='ocrx_word' id='word_1_267' title='bbox 1028 4118 1164 4175; x_wconf 76' lang='lat' dir='ltr'><strong>Nostrum.</strong></span> <span class='ocrx_word' id='word_1_268' title='bbox 1177 4133 1223 4171; x_wconf 83' lang='lat' dir='ltr'><strong>ro.</strong></span> 
     </span>
    </p>
   </div>
   <div class='ocr_carea' id='block_1_5' title="bbox 0 0 1500 4684">
    <p class='ocr_par' dir='ltr' id='par_1_10' title="bbox 0 0 1500 4684">
     <span class='ocr_line' id='line_1_38' title="bbox 0 0 1500 4684; baseline 0 0"><span class='ocrx_word' id='word_1_269' title='bbox 0 0 1500 4684; x_wconf 95' lang='lat' dir='ltr'><strong> </strong></span> 
     </span>
    </p>
   </div>
  </div>
 </body>
</html>
