2967 4684
213 229 283 299 280
633 227 845 295 JUSTINI
949 290 951 295 ,

69 374 102 424 ·,
167 370 199 427 at
212 366 410 442 trarentur.
427 352 562 421 Omnes
589 346 698 443 igitur
727 368 875 445 operam
904 368 1005 417 suam
1037 344 1200 415 certatim
1228 340 1274 415 ad

212 460 412 533 custodiam
432 458 553 531 salutis
571 458 648 553 ejus
667 454 841 529 offerunt.

185 606 198 641 t
261 577 305 642 11.
328 571 478 639 Interim
507 569 709 664 Antigonus
739 591 824 637 cum
854 566 1013 637 exercitu
1043 564 1275 662 supervenit,

185 721 200 753 s
215 682 411 776 castrisque
429 679 572 777 positis,
587 692 731 775 postera
743 676 802 749 die
819 678 858 747 in
876 678 989 748 aciem
1007 674 1182 775 procedit.
1198 677 1274 745 Nec

212 798 392 863 Eumenes
407 813 546 859 moram
564 788 687 887 praelio
704 785 807 875 lecit3
825 788 889 886 qui
901 788 1018 857 victus
1034 788 1073 855 in
1091 786 1274 855 munitum

185 900 399 999 aquoddam
428 890 614 971 castellum
629 897 804 996 confligit
819 927 826 969 :
844 898 908 969 ubi
933 922 1047 995 quum
1073 893 1213 966 videret
1237 916 1275 965 se

213 1010 399 1083 fortunam
423 1008 624 1083 obsidionis
648 1009 873 1098 subiturum,
895 1010 1069 1105 majorem
1099 1008 1276 1078 exercitus

214 1137 353 1222 partem
378 1122 531 1207 dimisit,
554 1146 601 1191 ne
625 1135 687 1193 aut
712 1145 895 1193 consensu
916 1116 1158 1191 multitudinis
1179 1114 1275 1186 hosti

213 1230 435 1318 traderetur,
453 1246 515 1303 aut
538 1230 681 1301 obsidio
704 1232 782 1329 ipsa
804 1229 1035 1303 multitudine
1058 1241 1275 1325 gravaretur.

187 1346 365 1438 alegatos
376 1341 508 1412 deinde
521 1340 565 1412 ad
579 1343 825 1439 Antipatrum,
839 1344 901 1440 qui
916 1340 1013 1413 solus
1027 1365 1092 1439 par
1105 1336 1277 1435 Antigoni

214 1451 352 1522 viribus
363 1451 562 1539 videbatur,
571 1450 751 1549 supplices
766 1454 891 1523 mittit:
903 1476 922 1521 a
934 1475 1008 1548 quo
1021 1472 1135 1547 quum
1147 1444 1277 1517 auxilia

215 1564 369 1632 Eumeni
387 1564 494 1633 missa
511 1562 713 1658 Antigonus
732 1560 932 1651 didicisset,
950 1560 995 1633 ab
1014 1560 1205 1634 obsidione
1221 1582 1278 1627 re-

189 1674 332 1749 scessit.
350 1677 435 1765 Erat
456 1670 604 1767 quidem
629 1671 769 1743 solutus
790 1672 836 1743 ad
861 1689 1004 1773 tempus
1028 1686 1129 1743 metu
1152 1670 1278 1739 mortis

216 1785 421 1851 Eumenes:
440 1780 503 1851 sed
524 1806 595 1852 uec
616 1781 757 1874 salutis,
778 1780 925 1855 dimisso
948 1784 1129 1869 exercitu,
1149 1801 1280 1877 magna

189 1914 299 1988 sspes
319 1905 404 1962 erat.
425 1892 557 1963 Omnia
578 1894 687 1988 igitur
709 1893 1015 1992 circumspicienti
1033 1892 1212 1988 optimum
1229 1891 1282 1959 vi·

217 2026 297 2071 sum
313 2016 385 2087 est,
401 2000 447 2073 ad
465 2001 658 2073 Alexandri
674 2005 796 2099 Magni
814 2001 1089 2101 Argyraspidas,
1103 2002 1281 2071 invictum

217 2114 437 2201 exercitum,
458 2128 495 2183 et
521 2128 579 2183 tot
601 2115 834 2186 victoriarum
858 2112 1130 2212 praefulgentem
1152 2110 1281 2209 gloria,

190 2222 420 2302 7decurrere.
437 2222 505 2293 Sed
522 2224 779 2321 Argyraspides
796 2239 879 2324 post
892 2224 1137 2295 Alexandrum
1154 2247 1281 2293 omnes

220 2334 330 2406 duces
348 2332 599 2421 fastidiebant,
614 2333 798 2405 sordidam
817 2333 980 2405 militiam
999 2333 1067 2405 sub
1089 2333 1182 2421 aliis,
1200 2346 1282 2430 post

191 2446 310 2514 stanti
326 2448 418 2542 regis
434 2445 667 2532 memoriam,
683 2446 939 2516 existimantes.
957 2450 1085 2541 Itaque
1103 2448 1281 2514 Eumenes

220 2552 476 2625 blandimentis
489 2564 591 2651 ag'ere
600 2579 609 2641 ;
619 2555 829 2652 suppliciter
841 2554 1000 2651 singulos
1013 2552 1170 2651 adloqui,
1179 2578 1279 2625 nunc

221 2694 239 2728 «
259 2664 524 2735 commilitones
547 2689 648 2753 suos,
661 2695 680 2731 n
701 2690 802 2737 nunc
825 2681 1059 2763 «patronos»
1078 2662 1279 2763 appellans,

221 2797 324 2843 nunc
342 2802 359 2836 a
373 2772 618 2870 periculorum
636 2790 672 2845 et
688 2799 840 2873 operum
857 2776 1093 2847 Orientalium
1111 2775 1248 2847 socios:
1262 2804 1280 2841 a

222 2907 325 2953 nunc
343 2880 511 2983 «refugia
531 2884 653 2957 salutis
673 2912 762 2975 suae,
780 2902 815 2959 et
836 2888 945 2959 unica
966 2886 1130 2985 praesidia
1142 2918 1159 2953 a
1182 2912 1281 2958 com-

194 2986 454 3079 9memorans:
477 3024 494 3060 a
514 2994 615 3067 Solos
637 3020 732 3085 esse,
747 3022 903 3094 quorum
925 3000 1057 3067 virtute
1082 2998 1211 3067 Oriens
1236 3000 1282 3067 sit

222 3102 400 3193 domitus3
417 3105 531 3196 solos,
549 3110 611 3204 qui
628 3107 790 3180 militiam
812 3107 934 3180 Liberi
954 3109 1085 3206 patris,
1106 3108 1170 3204 qui
1193 3112 1281 3179 Her·

256 3292 296 3343 II.
318 3313 341 3346 ι.
359 3296 466 3345 Interim.
479 3295 560 3365 Vulg.
579 3314 650 3367 qutun
667 3294 730 3347 huic
772 3290 889 3359 XVIII,
904 3296 935 3359 5,
949 3314 974 3366 7.
989 3324 1021 3334 —-
1036 3296 1113 3347 Anno
1126 3292 1206 3346 Urbis
1221 3294 1280 3357 433.

221 3370 384 3442 premissum
395 3371 471 3423 omisi
484 3389 543 3424 cum
557 3370 619 3425 edd.
633 3374 730 3444 antiq„
808 3374 833 3425 6.
843 3371 1029 3445 Argyraspidas.
1041 3371 1151 3443 Respice
1163 3370 1242 3437 XIV,
1253 3390 1282 3437 a,

222 3468 305 3520 quum
324 3449 423 3502 nullam
444 3448 538 3502 habeat
556 3451 731 3504 constructio·
773 3454 807 3517 6;
820 3452 879 3503 coll.
895 3450 1001 3503 Cornel.
1015 3448 1129 3515 XVIII,
1144 3450 1174 3513 8,
1191 3468 1215 3501 a.

220 3545 296 3591 nem,
306 3526 357 3580 nisi
369 3527 405 3579 ita
417 3527 481 3579 velis
492 3526 654 3599 distinguere
665 3546 672 3580 :
683 3548 732 3580 om·
809 3530 834 3580 8.
858 3528 1031 3579 commilitones
1053 3547 1117 3579 snos.
1138 3525 1284 3581 Alexander

223 3622 264 3656 nes
276 3605 401 3671 offerunt:
413 3624 512 3679 quiana..
527 3610 603 3657 venit.
773 3606 831 3677 ipse
845 3625 899 3659 non
915 3619 953 3659 est
966 3606 1078 3670 veritus,
1093 3606 1205 3657 militum
1219 3615 1282 3657 su'o-

259 3702 284 3736 a.
296 3684 431 3736 castellion.
442 3684 540 3736 Noram
551 3684 620 3737 inter
630 3684 730 3756 Lycao·
772 3702 832 3736 rum
844 3702 870 3737 se
881 3684 1000 3735 alumnum
1013 3684 1235 3755 commilitonemque
1245 3680 1283 3733 di-

222 3760 732 3833 niametCappadociamCom.XVIII,
773 3780 848 3827 cere,
867 3763 941 3816 Curt.
961 3762 1017 3826 IX,
1037 3782 1066 3827 a,
1085 3768 1126 3825 44.
1145 3758 1284 3833 Ejusmodi

224 3840 256 3902 5,
269 3840 301 3904 33
315 3838 383 3891 Plut.
397 3839 425 3892 in
438 3841 516 3893 Eum.
534 3842 573 3893 ιθ.
772 3839 911 3893 blanditias
926 3840 1016 3892 tribuit
1032 3839 1172 3893 Suetonius
1191 3838 1284 3892 Casu-i

259 3920 283 3979 4.
298 3916 537 3986 Legatosdeindead
549 3920 731 3989 Antioatrun...
773 3923 821 3991 67,
835 3918 866 3984 33
878 3931 905 3971 et
917 3920 1006 3973 Galbae
1021 3938 1069 3984 ao,
1086 3937 1109 3971 1.
1127 3937 1173 3971 sn.

223 3995 301 4047 mittit.
318 3992 382 4047 Vid.
397 4014 455 4065 quae
473 3996 563 4051 notavi
575 3996 608 4051 ad
622 3997 730 4053 Cornel.
808 4015 833 4067 9.
844 3996 952 4054 liberi...
961 3996 1078 4050 Herculis.
1090 3996 1199 4069 Respice
1211 3993 1284 4061 x11,
