2967 4684
337 353 717 424 HISTORIARUM
743 353 904 422 LIBER
929 294 1102 423 XXIII.⁵
1170 353 1241 450 359

178 492 286 577 potus
296 490 359 548 aut
369 475 487 560 lactis,
498 490 562 547 aut
572 472 731 545 fontium
743 473 866 570 liquor
878 489 964 548 erat
974 475 1031 545 Sic
1043 473 1087 544 ad
1099 474 1242 548 labores
1258 514 1288 547 to

177 588 327 661 bellicos
339 586 618 658 indurabantur.
632 590 774 656 Horum
790 586 954 682 igiturex
967 611 1122 657 numero
1137 588 1242 684 quin-

179 699 352 798 quaginta
370 699 489 795 primo
513 722 557 769 ex
576 697 670 794 agris
696 692 937 768 finitimorum
958 696 1110 795 praedari
1129 698 1243 787 soliti,

180 807 390 881 confluente
403 807 535 879 deinde
547 805 791 894 multitudine,
801 804 969 878 solicitati
981 807 1116 906 praeda,
1129 835 1242 906 quum

180 921 301 1019 plnres
312 917 397 990 facti
408 933 548 1006 essent,
558 916 706 989 infestas
717 918 885 1014 regiones
897 918 1107 991 reddebant.
1117 925 1245 1020 Itaque
1259 953 1296 1000 ιιι

179 1029 346 1129 fatigatus
367 1027 523 1128 querelis
545 1030 728 1101 sociorum
750 1031 954 1126 Donysius,
977 1032 1101 1102 Sicilire
1121 1047 1245 1129 tyran-

180 1166 272 1224 nus,
292 1155 483 1213 sexcentos
500 1137 605 1212 Afros
625 1137 672 1210 ad
690 1140 977 1238 compescendos
996 1143 1058 1213 eos
1074 1146 1219 1216 miserat
1237 1171 1245 1214 :

181 1276 340 1351 quorum
360 1249 564 1339 castellum,
582 1249 768 1349 proditum
784 1249 852 1322 sibi
867 1274 934 1349 per
949 1253 1105 1322 Brutiam
1122 1253 1248 1325 mulie·
1263 1283 1292 1318 ιι

180 1386 275 1449 rem,
296 1376 617 1461 expugnaverunt3
638 1359 763 1458 ibique
783 1362 979 1450 civitatem,
996 1364 1248 1434 concurrenti·

181 1472 252 1545 bus
263 1472 309 1544 ad
323 1475 540 1570 opinionem
555 1497 659 1544 novae
673 1471 775 1544 urbis
789 1472 1013 1570 pastoribus,
1027 1486 1249 1561 statuerunt,

181 1585 398 1680 Brutiosque
426 1609 464 1656 se
486 1609 530 1654 ex
556 1585 708 1654 nomine
732 1583 892 1655 mulieris
916 1600 1149 1656 vocaverunt.
1173 1585 1248 1655 Pri·
1263 1593 1295 1647 13

181 1717 284 1765 mum
298 1692 367 1764 illis
383 1719 466 1766 cum
485 1697 659 1782 Lucanis,
673 1694 825 1791 originis
841 1719 913 1765 suae
928 1691 1157 1781 auctoribus,
1172 1693 1249 1765 bei-

181 1802 257 1875 ium
274 1802 352 1876 fuit.
367 1807 447 1895 Qua
463 1807 615 1877 victoria
631 1806 741 1876 erecti
761 1829 876 1902 quum
892 1830 1021 1906 pacem
1041 1829 1147 1902 aequo
1168 1805 1249 1901 jure
1265 1825 1296 1882 rt

182 1915 370 2004 fecissent,
393 1933 543 1992 caeteros
572 1915 748 1989 finitimos
773 1921 880 1990 armis
906 1916 1148 2016 subegerunt3
1169 1931 1251 1988 tan-

182 2043 307 2125 tasque
322 2053 411 2127 opes
423 2028 528 2100 brevi
543 2029 762 2126 consequuti
774 2041 876 2116 sunt,
885 2042 927 2098 ut
937 2028 1134 2125 perniciosi
1143 2029 1251 2096 etiam

181 2138 329 2235 regibus
352 2136 587 2208 haberentur.
610 2140 780 2234 Denique
802 2137 1025 2225 Alexander,
1046 2161 1111 2206 rex
1133 2137 1251 2233 Epiri,
1267 2153 1296 2204 15
1363 2199 1366 2206 ι

184 2271 298 2344 quum
315 2250 354 2316 iu
372 2247 547 2316 auxilium
560 2251 768 2317 Graecarum
788 2249 1002 2334 civitatium,
1018 2271 1102 2318 cum
1120 2269 1251 2342 magno

183 2356 362 2441 exercitu,
377 2357 417 2424 in
433 2355 573 2427 Italiam
590 2356 767 2442 venisset,
785 2381 868 2426 cum
885 2355 1057 2427 omnibns
1074 2356 1191 2453 copiis
1207 2354 1253 2426 ab

184 2467 241 2538 bis
256 2466 395 2538 deletus
408 2479 473 2537 est.
482 2467 603 2555 Quare
616 2464 739 2534 feritas
752 2489 879 2536 eorum
893 2489 1063 2537 successu
1076 2463 1253 2538 felicitatis
1269 2487 1299 2535 ro

185 2579 352 2666 incensa,
374 2575 438 2649 diu
459 2575 629 2648 terribibs
654 2570 819 2646 finitimis
844 2573 921 2647 suit
950 2577 1003 2646 Ad
1029 2591 1253 2674 postremum
1268 2617 1299 2668 ¹7

185 2689 397 2787 imploratus
416 2684 646 2786 Agathocles,
663 2709 727 2784 spe
746 2684 943 2784 ampliandi
960 2687 1083 2788 regni,
1103 2711 1122 2757 e
1138 2687 1253 2759 Sicilia

186 2803 225 2872 in
241 2800 380 2872 Italiam
398 2800 550 2896 trajecit.

236 2915 281 2981 II.
294 2912 479 3007 Principio
494 2909 669 2981 adventus
681 2907 758 3004 ejus
772 2904 949 3004 opinione
968 2908 1152 2994 concussi,
1164 2904 1254 3003 lega·
1269 2935 1279 2969 ι

190 3034 246 3090 tos
262 3019 308 3091 ad
325 3043 429 3098 eram,
443 3021 651 3090 societatem
666 3017 934 3114 amicitiamque
949 3031 1134 3114 petentes,
1149 3019 1254 3088 mise-

188 3145 285 3202 runt
303 3133 405 3221 Quos
425 3129 638 3228 Agathocles
655 3128 700 3200 ad
714 3153 858 3200 coenam
879 3130 1070 3218 invitatos,
1089 3155 1137 3200 ne
1156 3153 1282 3200 exer-2

190 3243 303 3314 citum
327 3243 442 3339 trajici
463 3241 646 3328 viderent,
666 3241 705 3312 in
730 3254 916 3338 posterum
940 3254 1072 3311 statuta
1098 3239 1155 3310 bis
1177 3239 1255 3324 die,

191 3378 391 3426 conscensa
408 3377 498 3424 nave
516 3349 708 3423 frustratus
724 3364 788 3421 est.
805 3347 875 3421 Sed
894 3346 1030 3420 fraudis
1042 3348 1142 3420 baud
1155 3348 1255 3418 laetus
1269 3363 1284 3418 3

191 3481 341 3538 eventus
360 3463 445 3553 Iuit;
461 3461 640 3561 siquidem
656 3462 786 3534 reverti
804 3484 888 3532 eum
907 3461 945 3528 in
961 3456 1133 3544 Siciliam,
1148 3457 1257 3528 inter·

227 3697 270 3732 ra.
296 3684 337 3731 la
356 3679 452 3730 nomme
473 3677 585 3728 mutat.
609 3673 704 3729 Strabo
743 3673 804 3744 pice
823 3669 895 3735 ΧΠ,
916 3687 979 3734 ι-ις
999 3668 1117 3733 XVIII,
1136 3687 1164 3734 1,
1184 3689 1209 3722 a.
1223 3699 1258 3710 —

192 3770 284 3810 conns
295 3757 376 3809 refert
390 3756 496 3809 Brutioa
513 3755 604 3824 lingua
619 3754 703 3805 Luca·
745 3753 823 3802 Anno
836 3749 916 3801 Urbis
934 3749 993 3811 423.

192 3835 251 3887 nica
265 3832 616 3907 appellatosfniuerebelles.
782 3847 822 3898 ¹7·
838 3857 872 3869 --
884 3827 962 3878 Anno
972 3823 1054 3878 Urbis
1065 3825 1124 3887 453.

230 3928 271 3978 iq.
287 3919 350 3982 Qua.
360 3911 458 3965 Medic.
471 3910 530 3964 ood.
542 3913 610 3980 cujus
618 3908 704 3980 (belli)
780 3907 820 3960 11.
836 3923 859 3960 ι.
873 3903 998 3977 opinione.
1010 3905 1102 3969 Fama,
1114 3915 1144 3956 ut
1154 3921 1212 3976 cap.
1227 3923 1258 3971 1,

193 3993 308 4042 victoria.
326 3989 484 4059 ..aqum
498 3987 605 4043 Scilicet
616 3999 705 4059 tynn-
747 4003 788 4040 ra,
801 3985 889 4038 Altera
902 3995 990 4036 autem
999 3981 1055 4036 hoc
1066 3993 1105 4036 est
1116 3983 1221 4055 tyranni
1229 3983 1258 4036 in

197 4068 239 4121 nis
248 4069 342 4123 Siculis
354 4069 379 4134 ς.
397 4085 419 4119 r.
743 4065 849 4119 Brotios
862 4059 1012 4134 expeditio,
1026 4059 1060 4115 de
1078 4079 1130 4134 qus
1145 4059 1256 4114 Diodor.

233 4148 273 4200 15.
288 4149 395 4218 Demque
408 4145 561 4208 Alexander,
575 4156 626 4198 etc.
639 4145 704 4199 Res·
744 4141 829 4207 xm,
843 4139 936 4214 fragm.
952 4139 994 4194 15.
