2967 4684
347 391 729 464 HISTORIARUM
755 393 913 462 LIBER
935 393 1074 464 XLIV.
1170 393 1239 493 529

177 541 221 590 ac
237 527 429 616 propterea
446 513 644 586 Gaditanos
661 511 760 585 bello
776 512 1051 609 lacessentibus,
1069 515 1241 589 auxilinm

177 626 460 724 consanguineis
474 623 789 720 Carthaginienses
805 627 944 696 misere.
957 626 1012 697 Ibi
1026 626 1120 698 felici
1134 643 1271 727 expe-s

178 737 317 811 ditione
346 749 383 807 et
414 735 614 808 Gaditanos
643 733 689 804 ab
718 735 852 832 injuria
882 735 1180 828 vindicaverunt,
1206 755 1244 811 et

178 851 352 948 majorem
374 861 512 946 partem
536 849 731 944 provinciae
754 847 906 945 imperio
929 869 997 918 suo
1021 846 1242 944 adjecerunt.

180 965 307 1032 Postea
321 981 469 1056 quoque
485 954 718 1029 hortantibus
733 958 857 1054 primae
873 957 1112 1056 expeditionis
1125 964 1275 1059 auspi-s

182 1073 262 1160 ciis,
281 1068 520 1140 Hamilcarem
537 1069 797 1166 imperatorem
817 1093 901 1138 cum
920 1093 1050 1166 magna
1067 1095 1179 1143 manu
1200 1072 1247 1144 ad

181 1177 432 1280 occupandam
456 1180 683 1277 provinciam
706 1181 835 1252 misere
856 1208 865 1249 ε
886 1182 949 1278 qui
974 1182 1111 1280 magnis
1136 1181 1247 1256 rebus

180 1289 399 1392 gestis,dum
411 1289 596 1362 fortunam
606 1289 850 1362 inconsultius
862 1292 1036 1389 sequitur,
1047 1295 1087 1364 in
1100 1291 1248 1366 insidias

181 1401 376 1489 deductim,
389 1401 577 1473 occiditur.
591 1405 635 1472 ln
648 1400 757 1497 hujus
770 1400 891 1473 locum
905 1425 1017 1499 gener
1028 1403 1141 1502 ipsius
1159 1407 1248 1474 Has·
1261 1423 1275 1478 5

184 1511 313 1586 drubal
328 1515 499 1601 mittitur,
509 1515 572 1610 qui
587 1527 623 1584 et
639 1515 716 1611 ipse
729 1537 750 1583 a
761 1538 865 1585 servo
878 1515 1028 1611 Hispani
1044 1513 1248 1610 cujusdam,

182 1621 382 1695 ulciscente
411 1622 551 1694 domini
578 1623 750 1720 injustam
774 1648 922 1712 necem,
945 1623 1158 1696 interfectus
1184 1639 1249 1696 est.

185 1733 302 1828 Major
316 1747 473 1830 utroque
488 1731 672 1805 Hannibal
686 1735 898 1834 imperator,
912 1733 1123 1807 Hamilcaris
1140 1732 1279 1824 filius,6

184 1843 366 1915 succedit:
380 1843 558 1943 siquidem
573 1847 763 1944 utriusque
777 1870 836 1916 res
849 1861 964 1944 gestas
980 1869 1252 1944 supergressus,

185 1956 392 2026 universam
418 1957 625 2053 Hispaniam
657 1956 827 2029 domuit:
848 1955 934 2028 inde
955 1958 1128 2028 Romanis
1152 1955 1251 2028 illato

184 2059 299 2153 bello,
311 2063 449 2135 Italiam
468 2090 533 2164 per
551 2091 669 2138 annos
683 2067 863 2138 sexdecim
876 2069 986 2137 variis
999 2066 1162 2138 cladibus
1175 2067 1253 2139 fati·

184 2175 300 2270 gavit:
316 2199 429 2272 quum
445 2175 583 2246 interea
597 2179 750 2247 Romani
765 2178 881 2247 missis
898 2179 938 2247 in
954 2179 1164 2277 Hispaniam
1178 2181 1251 2249 Sci·
1264 2203 1280 2254 7

184 2283 373 2384 pionibus‚
388 2287 505 2384 primo
523 2290 656 2358 Poenos
674 2288 863 2388 provincia
875 2287 1111 2386 expulerunt3
1125 2304 1251 2387 postea

186 2419 269 2466 cum
288 2397 373 2493 ipsis
393 2397 560 2495 Hispanis
583 2400 701 2494 gravia
720 2397 815 2468 bella
836 2412 1033 2495 gesserunt
1053 2401 1129 2471 Nec
1150 2401 1280 2498 priuss

186 2503 407 2605 [perdomita
426 2505 631 2605 provincia]
642 2508 770 2607 jugum
784 2509 934 2607 Hispani
947 2509 1111 2608 accipere
1126 2524 1253 2607 potue·

221 2697 246 2756 4.
257 2697 344 2743 Postea
356 2709 449 2764 quoque
457 2703 507 2744 etc.
517 2692 558 2743 De
569 2691 621 2744 hoc
634 2693 658 2759 ς.
670 2705 697 2744 et
737 2689 1251 2757 IV,ra,156-603Horat.Carm.llI,14.
1265 2702 1270 2712 '

186 2789 258 2843 seqq.
276 2769 346 2822 conl.
362 2769 468 2822 Cornel.
483 2771 512 2823 in
524 2771 579 2824 vita
596 2771 696 2824 Hamil·
736 2799 772 2810 —
784 2771 921 2822 Perdomita
934 2768 1001 2822 orba.
1015 2771 1123 2834 Quum,
1138 2771 1188 2822 sub
1201 2770 1250 2823 ha·

186 2849 252 2902 caris
277 2861 304 2901 et
329 2847 501 2915 Hannibalis;
527 2851 587 2902 coll.
618 2867 696 2921 supra
736 2867 797 2900 rum
833 2848 1008 2900 Historiarum
1043 2847 1252 2920 Philippicarum

186 2926 294 2991 XXIX,
313 2947 339 2992 r,
353 2928 678 2997 7.-AnnoUrbis516.
737 2927 805 2989 line,
831 2926 983 2979 brevissime
1012 2927 1108 2979 Noster
1134 2926 1169 2980 de
1194 2930 1251 2978 Διι-

221 3007 246 3059 5.
256 3003 397 3058 Hasdrubal
403 3008 511 3058 mittitur.
518 3007 628 3079 Respice
637 3025 693 3079 cap.
738 3017 816 3077 gusto
841 3004 970 3077 attingat,
993 3003 1067 3058 laisoe
1094 3006 1165 3060 uotis
1186 3005 1249 3058 fluis

188 3101 219 3151 a,
233 3090 259 3148 4.
272 3115 307 3125 --
320 3089 398 3137 Auno
410 3086 491 3138 Urbis
505 3086 565 3138 sss.
737 3083 797 3149 fiat,
810 3081 891 3137 relata
903 3082 1161 3154 praeclarissimorum
1172 3084 1253 3156 hujus

221 3167 246 3217 6.
263 3162 388 3216 Italion...
402 3162 528 3233 satiaris.
549 3163 622 3216 Bello
642 3165 697 3216 Ro·
736 3162 813 3233 νομί
832 3161 963 3214 factorum
980 3158 1171 3233 descriptione,
1186 3182 1253 3234 qus·

185 3257 264 3293 mano
285 3242 384 3307 altero,
402 3240 436 3293 de
456 3259 510 3313 quo
531 3253 569 3294 sat
590 3242 697 3312 copiose
736 3239 789 3292 lem
807 3240 974 3310 paucissimis
993 3240 1082 3292 verbis
1102 3241 1254 3295 invenimus

186 3319 307 3390 exposuit
313 3320 447 3384 Lir.,coll.
455 3337 532 3390 supra
540 3320 697 3384 xxxvtst,
737 3317 809 3388 apud
820 3337 947 3390 maguum
957 3325 1070 3382 Bossuet,
1083 3323 1197 3372 ninom
1209 3339 1253 3370 sar

187 3405 218 3464 4,
233 3402 258 3451 6.
273 3429 306 3438 -
320 3400 398 3452 Anno
411 3398 492 3452 Urbis
507 3399 566 3451 533.
738 3397 854 3449 t'siaotn
865 3398 1009 3460 unimselle,
1019 3403 1037 3448 Ι
1038 3408 1105 3468 part.
1112 3402 1251 3468 ,9e'poques

221 3497 246 3548 7.
260 3479 415 3549 &inionibus
427 3479 457 3530 Ρ.
469 3491 496 3531 et
508 3478 557 3531 Cu.
569 3477 698 3530 Comeliis
739 3501 750 3522 ι
759 3513 765 3527 .
775 3515 799 3528 ..
812 3481 875 3527 Tont
883 3475 1105 3540 cedealafortuue
1114 3475 1146 3526 de
1161 3479 1253 3526 Ce'sar:

186 3551 369 3626 Scipionibus,
386 3569 461 3627 patre
476 3567 502 3608 et
519 3569 614 3627 pauno
632 3555 700 3608 sfri-
738 3555 889 3606 Alexandria
901 3555 937 3606 lai
950 3574 1020 3607 curre
1033 3573 1071 3605 ses
1079 3566 1163 3626 partes
1173 3573 1182 3604 :
1194 3545 1253 3604 [Ἔ-

186 3633 243 3686 caui
267 3634 389 3706 majoris,
406 3635 465 3688 Liv.
485 3633 574 3699 XXV,
597 3633 697 3699 32-363
737 3645 812 3705 mse
830 3633 986 3684 desimam
997 3636 1109 3703 pruvirsce
1126 3635 1252 3684 romolae:

185 3711 256 3765 Flor.
274 3712 322 3778 ll,
340 3732 387 3785 17,
404 3715 436 3778 63
452 3711 521 3764 Vell.
537 3711 585 3776 11,
602 3729 649 3780 90,
667 3731 697 3779 a,
742 3711 877 3782 Cle'opa'tre,
890 3714 933 3783 qai
943 3711 1107 3782 deserpirede
1119 3711 1255 3782 lapoardr

186 3789 232 3861 qui
255 3789 415 3844 occiduntur
433 3809 476 3843 au.
495 3791 554 3844 535.
570 3820 605 3830 -
619 3789 698 3843 Anno
739 3809 869 3853 conserver,
881 3809 907 3840 se
921 3802 960 3841 sue
972 3789 1101 3842 elle-neme
1115 3793 1183 3861 apris
1198 3795 1253 3840 An·
1275 3855 1280 3864 Ι

187 3868 267 3922 Urbis
282 3870 408 3922 535-550.
741 3873 805 3921 τοῖαι
818 3888 828 3921 .·
843 3875 917 3921 Rome
933 3869 993 3920 tend
1008 3870 1043 3920 les
1060 3868 1149 3920 brasii
1171 3873 1252 3932 Ce'sar,

222 3947 248 3998 8.
267 3945 422 4016 [Perdomita
435 3946 590 4018 provincia}
610 3946 702 3999 Uncos
742 3950 784 4020 qui
802 3947 924 4010 demeum
938 3966 995 3998 sons
1009 3949 1032 3998 le
1045 3967 1101 3998 nom
1118 3947 1256 4018 d'Augusts

186 4021 340 4095 adpoaaiex
349 4037 437 4076 mente
444 4024 531 4090 Fabri,
540 4023 703 4096 adprobante
743 4037 770 4076 et
779 4045 835 4078 sous
848 4027 935 4078 ktitre
943 4027 1098 4098 d'enperear,
1109 4027 1163 4078 seul
1173 4033 1256 4077 maan

189 4102 305 4155 Gravio.
320 4103 361 4154 De
374 4104 507 4174 Augusto,
520 4103 705 4176 Hispaniarum
745 4104 776 4156 de
795 4117 848 4156 tous
865 4105 978 4177 l'empire.
997 4106 1022 4155 ΙΙ
1038 4105 1132 4177 dompte
1148 4124 1206 4157 vers
1222 4105 1258 4155 les

191 4179 303 4248 victore,
310 4181 382 4235 conl.
390 4179 461 4236 Vsll.
471 4181 516 4248 11,
527 4200 575 4252 po,
589 4190 622 4252 ιη
634 4183 704 4237 Flos.
747 4188 877 4261 derases,
893 4184 927 4250 les¹
945 4183 1077 4238 &malm
1093 4197 1118 4235 es
1134 4183 1168 4236 les
1184 4188 1258 4234 Asta·

1069 4279 1115 4365 34
