2967 4684
425 416 805 487 ursronmnuu
830 418 989 487 uinus
1013 420 1062 487 ιι.
1227 446 1275 517 99

209 657 1277 685 mmmmmmmfflfflmm

575 852 810 951 LIBER
849 858 919 955 ΙΙ.

215 1318 244 1387 Ι.
263 1288 314 1386 ir
334 1308 510 1384 relatione
533 1335 656 1383 rerum
673 1338 695 1383 a
717 1311 859 1409 Scythis
881 1328 1079 1411 gestarum,
1096 1338 1175 1413 quae
1199 1318 1307 1388 satis1

215 1425 344 1524 amplae
361 1420 632 1521 magnificaeque
650 1422 818 1513 fuerunt,
837 1425 1057 1523 principium
1075 1423 1121 1497 ab
1142 1426 1282 1523 origine

215 1535 458 1636 repetendum
468 1548 530 1605 est
538 1536 623 1605 Non
636 1535 734 1605 enim
747 1536 868 1605 minus
880 1532 1030 1605 illustria
1043 1535 1311 1631 initia,quam2

217 1648 409 1745 imperim
422 1644 601 1717 habuere:
613 1668 683 1717 nec
695 1646 856 1715 virorum
871 1646 1022 1745 imperio
1034 1648 1161 1743 magis,
1173 1670 1284 1743 quam

217 1756 436 1832 feminarum
462 1753 656 1829 virtutibus
688 1755 849 1828 claruere
871 1784 879 1827 ε
904 1759 1040 1857 quippe
1070 1782 1184 1855 quum
1214 1758 1313 1855 ipsit

218 1868 371 1941 Parthos
387 1868 682 1966 Bactrianosque,
697 1865 840 1939 feminae
858 1884 977 1940 autem
993 1894 1120 1941 eorum
1139 1874 1286 1940 Amazo-
1384 1924 1386 1935 ,

219 2005 310 2051 num
328 2003 442 2076 regna
461 1976 720 2050 condiderint:
739 2004 889 2075 prorsus
912 1996 953 2051 ut
975 2006 1032 2051 res
1054 1996 1169 2077 gestas
1190 1981 1313 2053 viro-t

218 2115 302 2160 rum
319 2088 582 2183 mulierumque
601 2086 919 2159 considerantibus
935 2092 1114 2161 incertum
1131 2091 1192 2177 sit,
1204 2105 1286 2161 uter

220 2200 318 2299 apud
333 2225 398 2271 eos
414 2223 520 2269 sexus
534 2196 708 2269 illustrior
725 2196 841 2269 luerit
857 2198 1072 2293 Scytharum
1088 2224 1176 2295 gens
1191 2202 1313 2269 anti-5

198 2404 202 2411 ⁸
223 2311 393 2407 quissima
409 2334 551 2409 semper
570 2308 715 2381 habita:
733 2332 953 2405 quamquam
972 2312 1066 2377 inter
1083 2307 1232 2402 Scythas
1250 2323 1287 2378 et

224 2421 406 2517 AEgyptios
433 2418 495 2491 diu
525 2420 715 2490 contentio
740 2419 786 2489 de
817 2419 959 2515 generis
986 2432 1162 2489 vetustate
1189 2416 1286 2489 tuit:

222 2530 394 2629 AEgyptiis
418 2528 720 2629 predicantibus,
742 2530 885 2599 «Initio
908 2552 1051 2617 rerum,
1073 2552 1186 2624 quum
1211 2527 1315 2598 aliaeo

221 2656 326 2713 terrae
341 2642 454 2714 nimio
478 2640 620 2715 fervore
641 2640 727 2713 solis
747 2639 936 2729 arderent,
954 2639 1029 2711 aliae
1049 2640 1208 2738 rigerent
1225 2637 1288 2709 fri-

221 2756 317 2849 goris
339 2754 581 2842 immanitate,
601 2755 652 2824 ita
670 2767 812 2823 utnon
835 2749 945 2824 modo
969 2754 1091 2852 primae
1115 2776 1288 2851 generare

221 2858 404 2950 homines,
427 2861 490 2932 sed
514 2887 562 2935 ne
585 2862 743 2935 advenas
769 2862 915 2961 quidem
941 2864 1102 2963 recipere
1127 2886 1169 2933 ac
1195 2864 1288 2933 tueri

256 3030 280 3084 Ῑ.
305 3052 328 3087 ι.
352 3040 383 3085 Iu
412 3033 527 3085 relatt’ene
553 3046 603 3089 etc.
635 3034 738 3091 Eodem
778 3036 843 3089 situ.
851 3037 909 3091 MS.
917 3050 942 3089 et
950 3035 1290 3108 Gronov.editioiguoraut

224 3110 318 3177 modo,
337 3129 394 3182 quo
415 3111 583 3179 Herodotus,
607 3114 704 3169 Noster
722 3134 738 3167 a
777 3118 889 3186 inperio,
904 3116 1042 3189 necmale.
1057 3132 1103 3168 ru.

224 3188 293 3241 bello
301 3190 427 3264 Scythico
438 3191 530 3245 nonsit
539 3191 574 3245 td
583 3204 688 3264 gentem
697 3193 737 3265 ip·
813 3194 837 3247 3.
855 3194 971 3257 Parthos,
992 3197 1162 3245 Bactrianos...
1181 3198 1288 3243 Amazo-

223 3284 278 3319 nem
290 3266 500 3325 describendam.
514 3270 582 3323 Nam
594 3284 622 3324 et
635 3271 680 3325 ille
693 3290 736 3325 ex-
776 3290 841 3323 num.
856 3270 934 3324 Cous.
949 3271 1005 3324 iud.
1019 3273 1047 3324 iu
1061 3272 1103 3322 his
1117 3286 1190 3321 nom.

223 3344 353 3415 peditioni
387 3346 428 3399 illi
453 3348 621 3420 babylonico
647 3349 736 3421 (apud
813 3350 837 3401 ⁵.
853 3356 922 3401 Inter
937 3349 1065 3422 Sophus...
1074 3348 1135 3413 suit.
1150 3344 1288 3416 Ejusmodi

196 3472 207 3487 ,
223 3422 317 3476 lustin.
331 3424 588 3495 1,10,15-22)1it›.
603 3426 735 3499 111,cap.
777 3426 812 3481 de
841 3428 945 3498 generis
972 3427 1127 3497 antiquitate
1157 3434 1288 3475 certamen

225 3501 342 3557 sto-160
368 3516 478 3556 norma
502 3502 623 3575 adjungit
651 3508 736 3576 genus
778 3504 897 3577 Phrygas
912 3503 980 3563 iuter
988 3517 1015 3557 et
1026 3501 1167 3573 AEgyptios
1177 3516 1290 3553 mmmc-

223 3578 383 3651 Scytharum
398 3580 604 3654 descriptionem
618 3584 664 3637 lib.
684 3584 735 3651 lV,
778 3594 864 3635 morat
877 3580 1028 3635 Herodotus
1043 3580 1086 3643 11,
1101 3598 1124 3630 ι.
1138 3576 1215 3629 Coul.
1227 3578 1290 3631 Dio·

226 3660 351 3723 adnnec
358 3678 413 3713 nou
420 3660 736 3734 ogs-trplliodorusquo-
775 3658 835 3713 dor.
848 3660 876 3723 I,
892 3678 937 3722 10,
951 3660 997 3730 qui
1009 3656 1200 3730 AEgyptiorum
1212 3657 1290 3709 ratio·

223 3755 276 3809 que
287 3736 321 3791 de
333 3739 440 3811 Scythis
452 3752 480 3792 et
493 3740 669 3793 Amazonibus
681 3741 736 3811 agit
776 3756 824 3791 nee
837 3736 947 3810 profert.

223 3812 363 3881 nuli-463
372 3816 406 3870 de
415 3818 592 3871 Amazonibus
601 3818 735 3883 Airislll,
812 3820 837 3869 6.
848 3822 888 3867 Ita
899 3826 927 3865 ut
935 3832 985 3867 non
996 3812 1095 3864 modo...
1106 3812 1220 3868 homiues:
1229 3818 1289 3865 Non

225 3893 312 3947 bebi.
324 3898 471 3949 Amazones
482 3909 571 3949 autem
584 3898 677 3949 Strabo
690 3895 735 3962 11,
776 3894 848 3947 modo
864 3912 1012 3963 generare„-
1025 3910 1074 3963 pro
1088 3910 1137 3945 non
1154 3892 1225 3944 modo
1240 3912 1290 3945 non

224 3988 287 4041 pag.
297 3972 363 4039 348,
375 3986 400 4027 et
410 3974 660 4045 Arrian.V11,pag.
673 3976 735 4040 1⁵6,
775 3972 966 4043 gratemacio.
978 3968 1012 4022 de
1024 3970 1103 4023 Ollio.
1116 3970 1160 4035 11,
1172 3972 1219 4037 13,
1230 3977 1289 4025 Non

224 4046 278 4101 hoc
298 4067 381 4119 genus
396 4053 537 4105 mulierum
551 4050 624 4105 baud
639 4066 735 4105 temere
777 4052 848 4103 modo
859 4052 896 4105 illi
904 4049 1021 4103 invidetur
1032 4053 1110 4114 oetoti,
1122 4070 1206 4103 verton
1219 4054 1289 4101 mam

198 4181 201 4185 ,
225 4144 343 4198 tanqum
355 4130 482 4183 exstitisse
492 4143 600 4202 negant.
615 4148 661 4183 so.
771 4131 878 4194 fervente.
890 4156 920 4169 -·
936 4133 1055 4179 Genea-m
1068 4130 1181 4181 hommes.
1194 4126 1290 4181 Existi·

262 4225 285 4260 π.
293 4212 347 4259 Nee
354 4208 461 4263 virorum
469 4200 566 4282 imperio
572 4212 658 4281 magis.
666 4210 735 4266 Vos·
777 4208 884 4263 mabam
895 4207 1027 4279 AEgypui,
1039 4206 1179 4261 homiuum
1192 4224 1289 4277 genus,
