2967 4684
239 412 306 459 aaa
661 391 871 465 IUSTINI

235 514 344 585 vitam
356 510 551 612 suspendio
564 518 690 614 coegit,
701 516 977 616 spectaculoque
986 515 1182 618 pendentis
1192 521 1296 593 idtio-

236 648 320 695 nem
338 627 451 723 potita
467 640 537 714 est,
549 624 714 724 adquam
729 652 795 726 per
808 627 1040 725 parricidium
1053 628 1293 701 festinaverat

189 737 221 793 ¹³
235 738 434 808 Novissime
452 734 627 833 gladium,
648 762 722 835 quo
744 762 809 807 rex
831 762 1021 837 percussus
1042 754 1115 827 est,
1137 738 1294 839 Apollini

233 845 302 921 sub
319 848 469 917 nomine
486 846 654 941 Myrtales
672 849 896 919 consecravit
915 877 924 917 ε
942 847 1014 921 hoc
1034 852 1133 921 enim
1156 875 1292 921 nomen

188 966 220 1025 tt
233 976 317 1031 ante
335 958 554 1059 Olympiadis
576 959 730 1058 parvulae
749 957 825 1030 fuit.
849 960 937 1048 Quae
963 961 1086 1029 omnia
1107 960 1156 1029 ita
1176 959 1293 1058 palam

230 1068 325 1141 facta
342 1084 442 1158 sunt,
455 1085 496 1141 ut
508 1072 667 1141 timuisse
678 1070 853 1157 videatur,
866 1094 913 1140 ne
927 1068 1066 1143 facinus
1079 1070 1126 1142 ab
1137 1096 1179 1142 ea
1193 1097 1291 1142 com·

230 1182 379 1252 missum
395 1206 472 1251 non
490 1179 716 1279 probaretur.
1089 1170 1093 1181 ⁴

202 1308 215 1345 1
277 1296 367 1365 VIII.
386 1296 546 1365 Decessit
564 1292 813 1391 Philippust
831 1308 935 1365 etvn
955 1318 1155 1381 annorum,
1175 1320 1290 1391 quum

199 1406 335 1475 ³anms
361 1430 431 1475 xxv
461 1418 654 1503 regnasset.
683 1405 820 1473 Genuit
848 1428 892 1473 ex
918 1403 1085 1473 Larissaea
1113 1402 1289 1475 saltatrice

198 1513 342 1586 tfilium
358 1515 558 1603 Aridaeum,
577 1514 639 1611 qui
660 1528 743 1612 post
765 1511 1007 1584 Alexandrum
1027 1514 1198 1611 regnavit.
1218 1520 1288 1585 Ha-

227 1622 308 1696 buit
323 1641 359 1696 et
372 1626 459 1697 alios
473 1625 605 1696 multos
625 1648 669 1694 ex
690 1625 796 1693 variis
815 1624 1053 1694 matrimoniis
1069 1625 1168 1722 regio
1186 1650 1288 1729 more

196 1740 430 1835 isusceptos,
449 1738 512 1834 qui
530 1738 660 1834 partim
678 1733 770 1822 sato,
784 1736 915 1834 partim
931 1732 1029 1805 ferro
1046 1736 1193 1833 periere.
1208 1739 1288 1808 Fuit

224 1870 289 1916 rex
305 1871 505 1934 armorum,
519 1870 628 1943 quam
645 1847 893 1917 conviviorum
910 1844 1139 1945 adparatibus
1155 1845 1287 1919 studio-

224 1955 315 2045 sior;
333 1961 391 2029 cui
406 1961 577 2029 ,maximae
594 1982 681 2057 opes
699 1972 804 2028 erant
826 1958 1066 2032 instrumenta
1087 1956 1284 2030 bellorum:

196 2064 428 2137 ⁵divitiarum
456 2083 613 2165 quaestu‚
637 2090 746 2165 quam
769 2066 933 2138 custodia
959 2066 1134 2137 solertior.
1159 2073 1286 2167 Itaque

193 2178 320 2247 cinter
343 2176 571 2273 quotidianas
587 2179 731 2276 rapinas
754 2201 897 2275 semper
912 2179 1020 2276 inops
1039 2192 1124 2248 erat.
1142 2180 1287 2252 Miseri-

193 2288 347 2360 7cordia
363 2288 402 2357 in
421 2312 465 2358 eo
484 2302 519 2359 et
536 2286 687 2384 perfidia
703 2290 780 2386 pari
803 2288 884 2384 jure
905 2285 1051 2357 dilectae.
1068 2287 1174 2359 Nulla
1189 2290 1286 2388 apud

192 2398 305 2470 8eum
331 2400 447 2497 turpis
473 2400 565 2468 ratio
589 2398 772 2469 vincendi.
787 2396 955 2471 ⁴Blandus
980 2400 1114 2496 pariter
1140 2413 1177 2469 et
1200 2401 1285 2471 insi·

222 2508 344 2579 diosus
365 2508 554 2607 adloquio;
575 2510 638 2605 qui
664 2508 767 2606 plura
790 2510 1035 2607 promitteret,
1058 2534 1167 2605 quam
1189 2535 1283 2608 prae·
1306 2544 1311 2551 ·

221 2633 349 2689 staret:
364 2621 402 2689 in
417 2620 508 2689 seria
521 2634 557 2690 ct
567 2620 671 2714 jocos
684 2616 821 2689 artifex.
836 2620 1016 2690 Amicitias
1024 2620 1190 2709 utilitate,
1202 2646 1280 2693 non

193 2728 293 2800 afide
311 2727 461 2799 colebat.
477 2731 637 2799 Gratiam
655 2727 793 2827 fingere
809 2731 848 2799 iu
866 2727 971 2815 odio,
984 2728 1023 2798 in
1038 2731 1150 2825 gratia
1165 2727 1282 2801 ofsen-

220 2866 296 2913 sam
310 2839 492 2930 simulare,
501 2843 680 2915 instruere
693 2844 789 2913 inter
801 2835 1066 2911 concordantes
1075 2840 1172 2931 odia,
1184 2842 1280 2942 apud

218 3002 287 3055 inira
296 3001 415 3055 nominat
424 3000 479 3068 xl,
491 3022 519 3068 a,
530 3002 554 3056 3.
563 3034 595 3043 -
605 3003 729 3055 Ultionem.
770 3012 844 3054 retur
856 2998 890 3053 ad
902 3002 970 3054 bella
988 3001 1117 3073 gerenda,
1133 3002 1217 3076 iisque
1228 3022 1279 3077 po·

218 3078 288 3133 Edd.
310 3081 390 3152 antiq.
412 3082 508 3133 utana.
528 3083 645 3155 Utraque
665 3100 729 3135 con·
770 3079 879 3133 tentiam
891 3079 1047 3151 augendam.

216 3160 329 3213 structio
343 3160 576 3213 annuntiatam.
805 3177 830 3226 7.
845 3160 952 3211 Dilecta.
967 3161 1028 3212 Non
1048 3160 1081 3213 ab
1099 3161 1170 3225 aliis,
1189 3160 1234 3213 sed
1247 3162 1279 3213 ab

253 3239 297 3292 13.
311 3238 436 3311 Mys-tales.
459 3240 555 3309 Iiccep.
576 3256 608 3289 ex
630 3238 730 3311 aliquot
769 3237 841 3309 ipso;
854 3256 982 3309 ergonon
993 3238 1206 3311 minusperfidus
1215 3240 1278 3306 fuit,

218 3317 297 3371 codd.
314 3335 375 3371 cum
388 3318 473 3371 Gron.
482 3328 579 3388 nepote
588 3329 614 3368 et
624 3318 728 3383 Burm,
770 3334 849 3388 quam
861 3317 1017 3370 misericors.

213 3396 346 3467 probante
359 3396 443 3450 Gron.
458 3413 521 3459 avo,
535 3412 586 3465 pm
601 3396 724 3466 Myrtalis,
802 3396 828 3446 8.
846 3396 964 3447 Blandus.
983 3396 1053 3449 Hinc
1072 3393 1143 3467 apud
1166 3392 1277 3446 Diodor.

162 3540 164 3547 Α
216 3493 298 3547 quum
309 3493 394 3547 graece
407 3474 440 3527 sit
452 3472 582 3542 Μυρτάλη.
766 3471 893 3541 XV1,95
905 3492 912 3526 2
923 3472 1045 3544 Msyaianc
1064 3471 1209 3543 tenariam
1236 3474 1277 3527 tri

253 3552 332 3604 VIII.
349 3572 373 3607 t.
385 3554 463 3603 Annis
474 3554 577 3623 quinque
591 3562 616 3601 et
627 3554 725 3621 vigiam
766 3556 801 3625 aii
811 3558 968 3627 erpamymj'
976 3561 1089 3617 navicu,
1108 3559 1152 3609 ul
1165 3560 1217 3615 τοῖς
1230 3554 1279 3611 dtd

215 3631 268 3684 Aut
283 3632 372 3703 potius
381 3637 428 3695 al,
437 3627 529 3697 (Diod.
540 3628 624 3694 XVI,
636 3633 680 3699 95)
692 3630 725 3681 ab
766 3635 810 3691 afa
819 3634 920 3700 daudet
935 3634 1127 3704 ἰπιτιῦγμιση.

213 3726 284 3763 anno
298 3708 361 3763 inde
375 3709 455 3761 Urbis
470 3707 536 3776 394,
547 3707 582 3760 ad
596 3708 668 3760 hunc
680 3726 723 3761 us·
800 3732 826 3779 9.
841 3716 949 3763 Gratiam
962 3712 1069 3783 fingere.
1082 3715 1197 3768 versans
1214 3732 1276 3768 cum

214 3804 377 3857 queamus
393 3788 451 3851 418.
764 3788 869 3861 aliquo,
882 3809 961 3862 quem
972 3810 1034 3845 vere
1045 3791 1151 3860 oderat,
1165 3794 1274 3865 gratiam

249 3884 273 3917 a.
286 3868 411 3934 Regnavit.
427 3862 491 3917 Vid.
506 3864 575 3917 infra
588 3864 677 3931 XIII,
690 3884 721 3930 a,
764 3865 894 3938 lingebat,
910 3869 965 3921 sive
978 3869 1115 3924 simulabat
1126 3890 1155 3923 se
1168 3890 1229 3923 cum
1241 3889 1274 3922 oo

211 3942 243 4009 8,
256 3954 283 3995 et
296 3960 353 4013 cap.
367 3941 399 4006 3,
416 3960 437 3994 t·
762 3942 792 3996 in
812 3945 921 4016 gratiam
939 3945 1062 4013 rediisse,
1080 3950 1189 4020 gratiam
1204 3968 1273 4001 nun·

246 4028 272 4086 4.
289 4022 362 4073 Cui...
385 4018 507 4072 bellarm.
525 4020 723 4095 Qnitmaximas
763 4040 842 4093 qnam
853 4024 932 4077 fuisse
940 4024 1109 4095 dissolutam
1121 4041 1274 4101 etquocum

210 4118 275 4172 opes
286 4097 467 4153 accumulabat
483 4099 568 4151 usmis
581 4098 623 4151 his
640 4099 721 4152 bello·
762 4100 792 4151 in
805 4102 888 4171 gratia
900 4103 1019 4172 vivebat,
1033 4105 1130 4160 abhoc
1142 4106 1273 4161 offensum

207 4196 267 4235 tum
281 4176 475 4243 instrumentis,
486 4178 555 4245 sive,
569 4190 600 4231 ut
612 4178 652 4231 his
667 4190 723 4231 utc-
763 4196 792 4232 ae
805 4178 949 4234 simulabat.
1244 4196 1246 4201 ·
