2967 4684
232 331 299 406 186
654 333 866 403 JUSTINI

197 459 337 536 utivere
352 483 360 526 :
377 469 562 554 tamquam
580 454 662 527 ideo
679 455 766 526 victi
783 448 936 526 suis'sent
953 467 1079 542 antea,
1097 452 1198 552 quod
1215 451 1292 526 bel·

181 566 385 638 rolantibus
403 566 472 639 sihi
488 568 582 666 regis
600 568 654 639 sui
673 565 832 663 auspicia
856 561 1075 652 defuissent3
1098 562 1211 635 futuri
1234 567 1290 636 vel

225 693 418 778 propterea
447 679 621 765 victores,
647 674 748 774 quod
776 700 820 746 ex
847 675 1101 773 superstitione
1128 675 1291 746 animum

181 818 210 853 n
224 786 395 861 vincendi
421 802 621 887 ceperant:
646 786 752 858 simul
779 801 817 857 et
843 786 1025 857 miseratio
1052 809 1115 858 eos
1141 783 1291 858 infantis

224 897 391 987 tenebat,
406 923 533 996 quem,
549 899 578 970 si
594 899 677 969 victi
697 895 836 982 forent,
851 898 1033 996 captivum
1051 895 1098 970 de
1115 921 1199 994 rege
1217 894 1291 968 fac·

180 1041 210 1077 ια
225 1011 298 1078 turi
311 1008 543 1082 videbantur.¹
553 1015 732 1081 Conserto
750 1009 872 1104 itaque
889 1006 1030 1105 praelio,
1045 1029 1175 1103 magna
1193 1007 1290 1078 carde

224 1117 365 1213 Illyrios
383 1118 528 1200 fudere;
542 1117 860 1214 ostenderuntque
875 1116 1043 1188 hostibus
1061 1119 1152 1205 suis,
1169 1119 1290 1215 priore

225 1226 321 1300 bello
349 1257 470 1326 regem
503 1227 790 1313 Macedonibus,
816 1251 894 1297 non
926 1227 1097 1298 virtutem
1125 1225 1288 1298 defuisse.

181 1351 211 1404 13
224 1342 316 1410 Huic
333 1345 505 1437 Amyntas
522 1339 699 1426 succedit,
712 1352 748 1408 et
764 1337 912 1435 propria
926 1338 1077 1424 virtute,
1092 1350 1128 1407 et
1143 1337 1290 1407 Alexan·

180 1474 211 1528 14
224 1447 280 1519 dri
292 1447 356 1519 filii
369 1452 511 1548 egregia
522 1449 646 1522 indole
658 1449 849 1544 insigniter
862 1446 979 1518 clarus
992 1476 1000 1516 :
1014 1449 1073 1518 cui
1085 1447 1290 1520 Alexandro

224 1571 323 1629 tanta
339 1561 504 1630 omnium
522 1561 698 1630 virtutum
717 1572 846 1628 natura
866 1573 1089 1629 ornamenta
1101 1560 1289 1648 exstitere,

222 1683 265 1740 ut
277 1671 385 1740 etiam
398 1669 569 1768 Olympio
583 1669 798 1756 certamine,
809 1672 909 1739 vario
921 1669 1145 1740 ludicrorum
1158 1695 1290 1767 genere

226 1781 465 1851 contenderit
986 1782 988 1785 ’

199 1932 208 1964 ι
274 1894 335 1963 111.
353 1893 474 1982 Quum
492 1893 636 1964 interim
655 1895 805 1980 Darius,
819 1915 885 1961 rex
902 1895 1110 1981 Persarum,
1127 1897 1225 1992 turpi
1242 1893 1290 1965 ab

224 2000 371 2096 Scythia
396 2000 481 2102 fuga
503 2001 712 2092 submotus,
734 2027 782 2074 ne
804 2001 941 2099 ubique
963 1998 1136 2072 deformis
1157 2003 1290 2073 militiae

224 2111 367 2184 damnis
382 2111 596 2204 haberetur,
610 2116 720 2185 mittit
740 2137 824 2186 cum
842 2126 944 2212 parte
962 2111 1150 2209 copiarum
1169 2117 1290 2210 Mega·

223 2223 354 2296 bazum
371 2224 416 2296 ad
432 2226 671 2324 subigendam
683 2224 887 2313 Thraciam,
899 2238 1099 2320 caeteraque
1110 2225 1187 2320 ejus
1200 2238 1290 2296 trac-

223 2351 281 2406 tus
299 2361 411 2435 regna
427 2365 435 2408 :
453 2337 588 2436 quibus
605 2361 673 2437 pro
691 2336 843 2435 ignobili
860 2348 1050 2406 momento
1073 2349 1150 2404 erat
1171 2359 1290 2406 acces-

190 2474 210 2549 ,π
225 2473 308 2519 sura
326 2449 552 2522 Macedonia.
570 2451 659 2543 Qui,
674 2448 778 2521 brevi
799 2463 963 2545 tompore
982 2460 1183 2542 exsequuto
1202 2449 1296 2545 regis

223 2561 521 2660 imperio,legatis
531 2561 576 2632 ad
590 2563 783 2658 Amyntam
795 2582 917 2656 regem
928 2553 1152 2626 Macedoniae
1164 2557 1295 2642 missis,

114 2685 120 2700 ·
203 2715 205 2722 ‚
225 2668 371 2741 obsides
392 2673 431 2742 in
454 2674 586 2771 pignus
607 2669 737 2743 futurae
760 2670 862 2769 pacis
885 2669 961 2740 dari
983 2665 1053 2738 sibi
1079 2667 1292 2764 postulabat.

198 2777 295 2848 aSed
316 2779 441 2876 legati,
463 2779 623 2878 benigne
645 2783 808 2878 excepti,
831 2781 926 2849 inter
953 2778 1097 2877 epulas,
1122 2777 1294 2851 ebrietate

228 2905 433 2981 crescente,
458 2907 589 2988 rogant
616 2897 832 2990 Amyntam,
854 2921 871 2956 «ι
889 2887 1148 2988 Usadparatui
1170 2889 1293 2988 epula·
1328 2962 1331 2967 ,

264 3117 305 3152 ιι.
320 3102 440 3172 qutirum
453 3101 484 3152 da
503 3121 567 3172 rege.
586 3104 626 3155 lta
644 3104 738 3158 Florus
779 3105 957 3175 Megabuxum,
970 3119 1023 3159 eto.
1038 3124 1084 3159 m.
1100 3137 1135 3148 -
1151 3108 1193 3158 De
1205 3125 1234 3159 re
1247 3125 1294 3158 an·

226 3177 273 3244 11,
288 3183 318 3245 6,
332 3180 366 3234 50
381 3197 388 3232 :
397 3180 511 3246 jecerant
522 3181 553 3234 de
565 3185 674 3236 servitute
687 3191 737 3236 flo-
779 3195 832 3236 tem
845 3184 946 3255 respice
959 3185 1005 3248 ll,
1020 3185 1049 3249 5,
1063 3184 1144 3251 §113
1159 3184 1221 3236 coll.
1237 3187 1294 3236 lle-

202 3277 319 3338 ·manos.
331 3278 378 3314 ro.
778 3263 866 3316 rodot.
875 3267 910 3329 V,
922 3265 1213 3336 17·aa.-Qoibuspm
1221 3267 1293 3334 ἱμο-

263 3339 304 3396 ι3.
320 3339 626 3412 Amyrrtas.1nterhunc,
640 3352 670 3392 ut
680 3353 736 3394 not.
779 3342 822 3393 tiu·
827 3354 943 3394 momento
952 3356 1004 3396 etc.
1017 3344 1072 3396 soil.
1081 3344 1176 3416 quihus
1184 3342 1295 3395 adderet

225 3415 259 3468 ad
272 3419 296 3486 S.
308 3415 456 3482 uidimus,
464 3429 491 3470 et
500 3418 676 3490 superiorem,
686 3419 739 3472 lle·
779 3421 975 3486 Macedoniam,
983 3423 1058 3494 qnasi
1066 3423 1141 3476 nullo
1147 3423 1237 3476 labore
1246 3421 1295 3475 do·

224 3494 336 3550 rodotus
349 3497 426 3569 ponit
436 3497 566 3564 Alteram,
575 3498 617 3551 cui
631 3499 738 3552 Eusebii
779 3500 911 3553 mandam.
926 3518 973 3553 ro.

227 3575 371 3628 chronicon
385 3579 417 3630 28
427 3577 504 3647 regni
515 3595 598 3630 annos
608 3575 737 3649 adsignat.
815 3600 839 3632 π.
854 3587 884 3631 In
896 3583 997 3651 pignus.
1019 3577 1159 3633 Gronorio
1179 3597 1231 3632 avo
1252 3579 1293 3631 vi-

226 3655 348 3706 -Anno
360 3654 440 3706 Urbis
455 3655 515 3719 246.
594 3699 596 3704 .
780 3657 859 3711 detur
876 3659 946 3710 hanc
967 3658 1089 3711 voculam
1112 3659 1138 3708 iu
1157 3657 1211 3710 hoc
1233 3659 1294 3710 loco

264 3737 306 3793 14.
320 3727 634 3790 contumacitatem
646 3733 738 3788 confer
780 3735 928 3802 lhuudare,
944 3755 1024 3808 quam
1044 3737 1101 3806 ipse
1118 3749 1211 3789 auctor
1227 3739 1295 3790 omi⁴

228 3807 497 3876 Herodotumvm.
779 3817 842 3869 serit
862 3817 930 3869 infra
952 3815 1013 3880 XI,
1038 3814 1085 3879 1⁵,
1110 3815 1159 3880 13,
1181 3827 1210 3868 et
1233 3816 1294 3868 Liv.

263 3885 319 3939 ΙΙΙ.
333 3905 356 3940 r.
374 3890 543 3960 Magabam.
562 3890 622 3945 Hoc
638 3909 737 3945 nomen
778 3893 916 3958 XXXVI,
930 3901 978 3959 to,
993 3893 1009 3945 3
1023 3911 1030 3945 ε
1045 3892 1140 3944 obsides
1153 3894 1184 3945 ab
1197 3894 1235 3946 liis
1247 3895 1294 3945 ad-

228 3965 736 4041 accepimusexHerodoto‚Mryail'a(n.
777 3974 864 4037 duxit,
876 3973 1047 4045 praufetum
1056 3975 1164 4043 pignum
1181 3972 1295 4039 XLlll,

227 4045 339 4100 Variant
350 4059 437 4100 autem
450 4050 591 4122 scriptores
605 4051 633 4103 in
650 4057 736 4122 Mega·
779 4073 826 4119 ro,
839 4053 873 4105 32
888 4051 996 4115 obsides,
1005 4053 1096 4122 pignus
1108 4050 1209 4117 sutum
1222 4053 1294 4118 sarto

229 4124 326 4196 bysum,
357 4127 531 4198 neptum,
560 4131 729 4204 lingularum,
777 4132 900 4186 almodo
912 4130 1014 4202 agendae
1025 4133 1075 4194 rei,
1086 4149 1138 4183 nou
1143 4131 1269 4204 poscebat.
