2967 4684
330 367 715 444 HISTORIARUM
738 373 898 447 LIBER
923 377 1111 448 XXXIX.
1183 379 1254 478 469

169 501 427 592 anteponens.
451 496 643 596 Cleopatra
667 519 754 566 vero
779 497 928 578 timens,
952 523 1000 570 ne
1022 501 1138 596 major
1160 499 1290 584 filiust

145 662 150 669 .
187 604 401 677 Ptolemaeus
422 605 470 678 ab
493 608 674 704 Cyziceno
697 605 745 677 ad
766 609 1040 707 reciperandam
1064 613 1254 711 AEgyptum

187 715 328 786 auxiliis
341 717 546 811 juvaretur,
559 719 722 816 ingentia
737 722 865 819 Grypo
884 721 1032 813 auxilia,
1046 737 1082 794 et
1100 724 1253 798 Selenen

70 817 76 827 ’
188 844 563 927 uxorem,nupturam
573 829 671 902 hosti
682 831 815 928 prioris
826 833 944 903 mariti
959 835 1086 924 mittit;
1102 835 1282 912 Alexan-5

189 936 369 1036 drumque
385 938 500 1012 filium
517 966 583 1041 per
605 941 741 1040 legatos
762 943 802 1013 in
824 966 980 1042 regnum
1002 961 1176 1020 revocat:
1197 950 1256 1018 cui
1305 1006 1308 1022 .

189 1075 304 1149 quum
313 1052 464 1124 occultis
476 1052 614 1125 insidiis
627 1053 776 1125 exitium
789 1054 1069 1144 machinaretur,
1079 1072 1257 1157 occupata

189 1145 237 1230 ab
253 1159 383 1232 eodem
396 1163 624 1253 interficitur,
637 1165 878 1263 spiritumque
891 1190 972 1237 non
987 1163 1078 1255 sato,
1095 1169 1157 1240 sed
1174 1195 1256 1269 par-

189 1271 318 1345 ricidio
335 1273 457 1344 dedit:
471 1274 581 1370 digna
596 1296 745 1372 prorsus
766 1273 835 1344 hac
852 1276 979 1347 mortis
1002 1274 1164 1364 infamia,
1178 1301 1285 1376 quaet

68 1475 72 1480 .
189 1385 296 1454 etiam
307 1400 459 1456 matrem
471 1399 554 1481 toro
565 1382 765 1481 expulit,et
775 1383 864 1456 duas
876 1382 969 1455 filias
980 1383 1105 1457 viduas
1116 1387 1256 1460 alterno

189 1492 341 1566 fratrum
358 1498 593 1567 matrimonio
618 1492 723 1582 fecit;
746 1507 783 1564 et
804 1492 880 1565 filio
904 1493 1006 1566 alteri
1031 1496 1069 1564 in
1095 1497 1258 1567 exsilium

190 1619 271 1675 acto
288 1605 426 1676 bellum
438 1606 581 1695 intulit,
594 1605 714 1695 alteri,
730 1619 858 1702 erepto
874 1628 1008 1703 regno,
1024 1607 1175 1676 exitium
1192 1629 1259 1704 per

191 1715 339 1788 insidias
355 1717 562 1789 machinata
578 1732 643 1788 cst.

239 1831 278 1897 V.
302 1828 370 1899 Sed
397 1853 466 1902 nec
487 1827 695 1900 Alexandro
721 1827 835 1900 caedes
858 1841 932 1898 tam
958 1824 1118 1900 nefanda
1142 1829 1284 1901 inulta1

188 1934 268 2008 fuit
290 1933 387 2010 Nam¹
405 1937 471 2010 ubi
496 1941 654 2039 primum
680 1953 909 2037 compertum
935 1953 1008 2026 est,
1033 1938 1167 2011 scelere
1193 1940 1257 2019 filii

189 2063 342 2122 matrem
372 2048 622 2139 interfectam,
652 2073 837 2121 concursu
865 2047 992 2147 populi
1020 2051 1060 2117 in
1093 2049 1257 2120 exsilium

190 2162 323 2255 agitatr,
337 2176 581 2258 revocatoque
600 2159 793 2254 Ptolemaeo
810 2184 965 2256 regnum
983 2158 1149 2231 redditur
1167 2188 1175 2229 :
1195 2163 1257 2257 qui

191 2292 314 2365 neque
328 2293 412 2339 cum
423 2284 538 2340 matre
550 2269 686 2340 bellum
701 2293 825 2366 gerere
836 2268 1023 2357 voluisset,
1036 2293 1103 2340 nec
1117 2293 1137 2340 a
1149 2267 1258 2340 fratre

191 2381 301 2450 armis
327 2395 512 2479 repetere,
541 2380 641 2478 quod
672 2384 774 2479 prior
804 2378 1030 2478 possedisset.
1057 2384 1154 2451 Dum
1181 2379 1286 2457 haec,

193 2505 369 2585 aguntum,
390 2488 501 2562 frater
524 2492 600 2587 ejus
625 2515 669 2562 ex
695 2490 824 2589 pellice
847 2505 1056 2587 susceptus,
1076 2493 1134 2562 cui
1158 2506 1260 2591 pater

193 2605 416 2698 Cyrenarum
446 2627 600 2700 regnum
631 2616 847 2675 testamento
881 2600 1098 2698 reliquerat,
1125 2601 1259 2675 herede

192 2712 331 2810 populo
347 2718 515 2786 Romano
533 2716 719 2800 instituto,
733 2711 886 2785 decedit.
902 2719 982 2783 Iam
998 2713 1097 2783 enim
1113 2711 1289 2790 formnaa
1369 2744 1373 2757 ·

193 2807 358 2895 Romana
374 2828 559 2923 porrigere
578 2850 616 2896 se
635 2824 681 2896 ad
701 2822 898 2895 Orientalia
918 2846 1050 2920 regna,
1070 2847 1148 2894 non
1172 2849 1261 2894 con-

172 2981 176 2990 ·
194 2947 296 3004 tenta
307 2935 415 3005 Italiae
429 2937 610 3024 terminis,
620 2950 788 3035 coeperat.
800 2937 928 3031 Itaque
942 2947 978 3004 et
990 2957 1032 3003 ea
1045 2957 1128 3031 pars
1140 2932 1260 3031 Libyae

195 3045 385 3141 provincia
407 3041 502 3116 lacta
524 3060 578 3115 est
595 3073 603 3114 :
621 3061 746 3144 postea
769 3051 875 3120 Creta
897 3043 1093 3142 Ciliciaque
1111 3047 1261 3143 piratico

229 3293 417 3356 dmentem.
435 3293 567 3345 Lethurue
583 3292 616 3343 ab
635 3294 708 3363 Cyzi·
750 3288 919 3354 XXXVIII,
936 3292 969 3354 8,
987 3290 1012 3342 5.
1031 3317 1065 3328 -
1079 3293 1175 3339 Duos...
1190 3289 1261 3353 fecit.

194 3391 262 3436 ceno,
272 3371 406 3424 Antiocho
412 3369 455 3422 lx
466 3371 616 3443 cyziceno,
626 3370 709 3442 Syrio
750 3369 814 3439 Cap.
828 3368 859 3432 3,
871 3385 901 3431 ²5
914 3386 971 3440 cap.
985 3375 1016 3432 4,
1032 3385 1055 3419 r.
1068 3395 1101 3406 -
1110 3365 1172 3416 silio
1185 3367 1262 3418 alteri.

193 3469 258 3522 rege
266 3467 323 3520 cap.
336 3469 365 3515 a,
377 3467 422 3514 ro,
432 3461 460 3500 et
467 3466 526 3521 cap.
536 3448 563 3500 3.
572 3477 607 3488 --
617 3452 707 3518 Grypo.
749 3445 867 3498 Lathuro
879 3448 902 3514 S.
918 3465 940 3499 ι.
953 3476 986 3484 -
996 3445 1087 3494 Bellum
1100 3442 1187 3495 intulit.
1200 3445 1225 3510 ς.
1237 3462 1261 3496 a.

194 3531 279 3602 Cujus
300 3527 465 3581 adversarius
485 3539 541 3580 eret
560 3526 708 3599 Cyzicenus
749 3525 880 3576 -Aleert
892 3522 1078 3589 Alexandros.
1090 3521 1114 3574 5.

193 3608 239 3660 ille
251 3606 397 3659 Antiochus
409 3623 468 3677 cap.
484 3625 515 3670 ο,
533 3622 582 3670 ιο,
593 3605 626 3657 ab
638 3621 708 3656 anno
784 3601 819 3652 V.
836 3621 858 3655 1.
876 3601 957 3653 Codes
971 3612 1019 3652 tam
1034 3597 1151 3664 nefanda.
1170 3599 1262 3680 manu

193 3683 258 3738 inde
267 3685 319 3748 643
328 3682 363 3737 ed
374 3702 472 3737 annum
482 3701 566 3756 usque
577 3683 644 3747 658,
653 3699 709 3754 quo
747 3680 853 3734 nefarie
866 3698 922 3752 cap.
944 3687 977 3744 4,
998 3682 1024 3731 6.
1037 3679 1077 3730 De
1088 3677 1188 3729 ceteris
1200 3676 1262 3733 vide

193 3764 239 3818 ille
249 3764 334 3837 perit,
343 3762 536 3835 accole-Syrie
547 3773 574 3814 et
584 3760 708 3815 Phenioe
749 3771 806 3812 not.
820 3757 853 3813 ad
866 3761 890 3825 ς.
909 3779 931 3810 r.

193 3859 277 3913 regno
296 3842 379 3916 Syrio
399 3841 503 3894 abhoc
525 3839 657 3910 abrepta,
681 3849 708 3890 et
784 3857 808 3890 a.
826 3843 913 3888 Frater
925 3838 976 3906 ejus
991 3853 1027 3898 ec³
1036 3834 1121 3904 pellice
1133 3845 1260 3905 aescepnu.

193 3919 330 3991 hucusque
350 3937 473 3991 postesse
492 3920 588 3971 iterum
604 3917 637 3970 ah
654 3918 708 3969 hoe
747 3916 854 3986 Apion,
871 3911 1002 3967 Ptolemaei
1020 3911 1204 3964 Philometoris
1218 3931 1260 3965 on.

194 4013 255 4048 cnm
267 3997 342 4071 Syria
355 4001 563 4068 conjunguntur.
747 3995 800 4046 608
817 3993 931 4056 mortui,
951 4003 1011 4056 ant,
1028 3999 1058 4043 ut
1076 3991 1172 4044 Noster
1188 3993 1262 4056 vult,

230 4077 254 4127 5.
265 4105 299 4114 -
310 4079 388 4126 Anno
401 4076 481 4127 Urbis
494 4073 608 4127 conditae
619 4075 681 4136 646.
747 4071 893 4146 Physconis
903 4088 945 4122 en.
956 4068 1009 4121 635
1021 4069 1135 4134 mortui,
1145 4068 1224 4122 filine.

230 4155 260 4203 6,.
276 4159 378 4204 Ham
397 4164 450 4205 toro
471 4153 570 4225 expulit.
596 4150 707 4222 Respice
784 4152 809 4202 3.
831 4153 908 4200 Creta.
923 4147 984 4199 Iam
1001 4163 1043 4200 an.
1066 4147 1114 4200 552
1137 4147 1261 4200 Romanis
