2967 4684
259 331 337 486 sss
688 362 899 474 rosanti

259 520 377 610 vallis,
391 543 471 618 quae
485 519 673 592 continuis
689 518 894 610 montibus,
909 516 1007 590 velut
1021 543 1127 591 muro
1142 517 1322 618 quodam¹

260 630 307 704 ad
327 634 440 704 instar
463 646 664 704 castrorum
689 628 878 702 clauditur.
895 631 1055 728 Spatium
1073 629 1144 701 loci
1165 628 1323 702 ducenta

233 744 401 842 ajugera,
422 744 573 814 nomine
598 739 790 814 Hierichus
813 740 955 812 dicitur.
976 743 1022 812 In
1046 765 1087 812 ea
1110 739 1201 812 valle
1223 739 1323 838 sylva

261 867 334 939 est,
346 869 382 926 et
398 853 562 930 ubertate
582 869 618 925 et
633 854 841 924 amoenitate
859 852 1027 949 insignis;
1044 852 1223 950 siquidem
1241 852 1323 949 pal-

232 980 359 1040 tmeto
381 980 417 1037 et
439 963 710 1064 opobalsameto
733 962 975 1060 distinguitur.
993 961 1151 1034 Arbores
1171 961 1323 1060 opobal-

260 1079 349 1148 sami
374 1073 528 1150 formam
551 1073 703 1148 similem
728 1075 841 1174 piceis
865 1071 1056 1145 arboribus
1076 1071 1233 1162 babent,
1252 1073 1328 1172 nisi

260 1187 361 1286 quod
387 1204 474 1262 sunt
498 1186 654 1260 humiles
680 1187 811 1283 magis,
840 1199 877 1258 et
903 1185 944 1255 in
969 1184 1157 1255 vinearum
1181 1207 1323 1255 morem

260 1299 488 1374 excoluntur.
500 1306 563 1371 Hae
577 1313 677 1370 certo
692 1299 781 1368 anni
793 1310 956 1396 ternpore
967 1293 1166 1367 balsamum
1180 1293 1324 1367 sudant

232 1408 330 1484 ssed
348 1435 426 1482 non
443 1412 566 1482 minor
579 1409 655 1480 'loci
677 1408 753 1504 ejus
773 1408 985 1506 apricitatis,
1004 1430 1114 1504 qstam
1129 1405 1323 1496 ubertatis,

168 1591 171 1602 ,
259 1520 450 1593 admiratio
470 1535 541 1610 est;
561 1522 696 1618 quippe
723 1543 838 1616 quum
856 1531 935 1589 toto
955 1516 1046 1589 orbe
1067 1517 1225 1613 regionis
1246 1517 1324 1612 ejus

258 1630 531 1702 ardentissimus
544 1628 598 1702 sol
609 1628 734 1718 sit,ibi
745 1627 858 1727 tepidi
871 1630 964 1702 aeris
976 1627 1147 1700 namralis
1159 1627 1321 1724 quadam

230 1757 302 1812 sac
328 1756 504 1837 perpetua
527 1741 693 1839 apricitas
717 1742 821 1811 inest.
843 1744 888 1810 ln
913 1765 955 1812 ea
980 1742 1128 1838 regione
1149 1738 1249 1812 lacus
1269 1755 1323 1812 est

260 1847 494 1949 Asphaltites,
513 1853 576 1948 qui
594 1864 746 1949 propter
766 1851 1054 1948 magnitudinem
1076 1865 1113 1922 et
1134 1875 1237 1950 aquae
1257 1852 1322 1920 im-

230 1960 520 2049 mobilitatem,
548 1967 736 2033 Mortuum
769 1965 871 2033 Mare
901 1961 1046 2034 dicitur.
1077 1965 1171 2034 Nam
1202 1985 1324 2059 neque

257 2074 377 2145 ventis
395 2087 580 2161 movetur,
597 2074 788 2144 resistente
806 2072 1014 2146 turbinibus
1035 2072 1233 2161 bitumine,
1250 2097 1323 2171 quo

257 2207 352 2282 aqua
365 2184 485 2256 omnis
499 2199 700 2283 stagnatur3
714 2200 837 2283 neque
848 2185 1087 2284 navigationis
1099 2185 1242 2283 patiens
1255 2197 1322 2274 est,

258 2291 434 2392 quoniam
450 2297 574 2368 omnia
588 2298 660 2368 vita
679 2297 841 2403 carentia
855 2298 896 2368 in
909 2294 1135 2395 profundum
1153 2320 1323 2393 mergun-

257 2419 339 2496 tur;
358 2431 427 2478 nec
448 2408 633 2479 materiam
655 2405 767 2479 ullam
788 2410 959 2496 sustinet,
975 2409 1044 2479 nisi
1067 2431 1147 2507 quae
1164 2406 1322 2479 alumine

137 2585 144 2608 χ
229 2514 426 2588 sillinatur.
442 2519 603 2591 Primum
618 2523 771 2607 Xerxes,
788 2543 853 2590 rex
874 2523 1080 2607 Persarum,
1097 2515 1240 2590 Judaeos
1257 2514 1321 2586 do-

258 2628 349 2697 muit
364 2642 514 2728 :postea
532 2652 617 2698 cum
633 2631 720 2726 ipsis
735 2631 853 2700 Persis
872 2633 911 2701 in
934 2628 1111 2700 ditionem
1130 2626 1321 2701 Alexandri

258 2737 380 2832 Magni
392 2759 543 2824 venere,
554 2735 689 2834 diuque
700 2741 739 2808 in
755 2753 931 2835 potestate
944 2739 1171 2812 Macedonici
1181 2739 1322 2838 imperii

230 2844 412 2940 osubjecti
427 2849 535 2942 Syriae
556 2871 671 2945 regno
693 2845 805 2919 fuere.
824 2853 854 2921 A
870 2852 1054 2922 Demetrio
1077 2875 1190 2949 quum
1208 2849 1322 2922 desci-

258 3026 332 3062 verss
344 3001 772 3075 vice,contlausumanotorum,
813 3009 882 3063 citur
903 3010 983 3064 etiam
1004 3012 1075 3064 lacus
1087 3011 1252 3074 δικαιῶ,
1267 3028 1321 3064 sve

258 3085 434 3158 opobalsamum
445 3106 495 3159 pro
505 3087 599 3140 arbore
608 3089 710 3158 posuit,
721 3088 772 3140 bal·
812 3107 877 3140 mare
887 3089 1025 3142 Tiberiados
1035 3090 1064 3142 in
1078 3089 1149 3143 Novi
1162 3089 1321 3142 Testamenti

258 3183 350 3220 samum
359 3183 410 3238 pro
420 3165 535 3238 lacryma
547 3182 593 3220 sen
603 3184 682 3220 urceo
693 3169 770 3221 arbo·
811 3167 894 3221 libris.

258 3243 304 3302 sis.
318 3262 363 3297 sn.
846 3265 871 3317 7.
895 3244 1014 3298 Illr'notur.
1033 3243 1123 3298 Editio
1137 3243 1226 3309 Vem,
1243 3243 1321 3309 ΔΗ,

296 3341 320 3375 a.
344 3321 477 3375 Hiericho.
502 3323 614 3388 Jsrlclso,
636 3333 667 3376 ut
691 3323 771 3379 babet
810 3324 884 3378 Jont.
909 3337 936 3378 et
959 3343 1050 3396 margo
1073 3325 1167 3378 Colon.
1196 3325 1320 3386 Mandro,

258 3400 340 3458 editio
354 3400 527 3455 coloniensis.
810 3401 885 3476 quod
903 3414 930 3455 et
948 3402 997 3454 illss
1014 3400 1077 3456 dare
1089 3402 1249 3468 voluerunt,
1263 3421 1322 3475 qno

293 3487 318 3544 4.
331 3482 416 3532 Pissis.
428 3477 519 3533 Editio
529 3480 606 3533 llom.
610 3481 727 3550 puniceis.
810 3481 909 3536 babent
927 3483 1067 3534 illusmtsu.

293 3559 318 3612 ⁵.
332 3560 476 3631 Apricitatis.
491 3556 571 3623 Quod
584 3559 722 3612 Salmasius
736 3557 770 3611 ad
845 3563 870 3614 8.
882 3563 994 3612 Primam.
1007 3558 1197 3633 Quodquidem
1209 3571 1280 3613 recte
1290 3578 1318 3614 se

256 3638 378 3692 Solinum
388 3656 448 3710 pag.
461 3655 512 3706 990
521 3635 614 3701 docet,
623 3656 678 3690 non
685 3638 771 3691 omnis
809 3638 889 3693 habet
902 3650 1027 3710 sequente
1036 3651 1137 3711 postea,
1155 3649 1187 3692 ot
1202 3657 1258 3691 non
1270 3639 1320 3704 sit,

256 3713 331 3772 locus
340 3717 390 3770 soli
398 3717 547 3788 expositus,
557 3713 603 3768 sed
614 3715 636 3768 is
646 3713 769 3781 demum,
809 3736 858 3772 our
868 3735 902 3770 ex
910 3716 983 3771 Med.
989 3757 998 3782 ,
1011 3719 1080 3772 Ven.
1090 3730 1118 3771 et
1127 3716 1187 3770 sld.
1198 3716 1320 3789 pratens

257 3810 290 3846 ex
310 3796 391 3848 latine
411 3795 575 3868 loquentium
598 3812 649 3848 usn
671 3793 770 3849 dieitur
809 3795 1321 3868 morariopsssusatemipumettic

257 3873 359 3940 apricus,
370 3873 416 3942 qui
427 3875 476 3926 soli
485 3872 590 3940 orienti,
598 3871 769 3945 tepido,non
808 3874 943 3928 falsissime
956 3886 1052 3928 narrat.
1067 3875 1135 3928 Nam
1151 3893 1264 3945 regnum
1280 3875 1319 3928 ls-

256 3946 400 4002 immodico
411 3963 506 4020 pateat.
518 3969 565 4005 sn.
807 3953 955 4007 rseliticum
973 3955 1006 4008 ab
1027 3952 1142 4025 Assyriis
1163 3951 1320 4007 dissolutmu

291 4030 316 4082 6.
328 4033 405 4078 Lacus
412 4039 450 4078 est
456 4028 608 4100 Asphaltites.
619 4027 698 4082 Conf.
709 4027 769 4082 Cel·
809 4045 849 4084 est
859 4035 913 4104 jam
926 4034 958 4083 Α.
973 4031 1008 4084 U.
1022 4031 1073 4097 333
1085 4029 1227 4084 Iudaicum
1239 4035 1271 4085 Α.
1283 4033 1320 4087 tt.

254 4103 313 4176 larii
326 4105 424 4174 Geogr.
436 4107 497 4157 Ant.
508 4107 562 4158 vol.
575 4107 618 4172 ll,
629 4123 691 4176 pag.
703 4107 769 4174 484,
810 4111 859 4180 173
873 4129 888 4162 a
899 4110 1051 4181 Babyloniis
1062 4130 1069 4163 s
1080 4125 1195 4182 quotum
1206 4109 1320 4182 imperio

254 4197 281 4250 ¹et
294 4181 437 4252 Buscliing.
447 4181 547 4254 Geogr.
557 4184 707 4241 Paluatinas.
717 4187 767 4242 Di·
808 4187 843 4242 ad
852 4189 942 4244 Persas
953 4188 1094 4254 trmslato,
1103 4188 1188 4259 Cyrus
1198 4189 1321 4242 exsilium
