2967 4684
273 357 276 360 ⁴
363 409 751 479 HISTORIARUM
776 409 935 479 LIBER
959 413 1087 480 XXII.
1191 410 1261 486 355

192 531 261 605 Sed
277 529 458 602 Bomilcar
469 553 604 627 magno
619 531 741 600 animo
756 530 1005 606 crudelitatem
1019 537 1151 606 civium
1163 536 1290 627 tulit39

193 644 285 716 adeo
303 656 346 712 ut
363 640 408 712 de
427 664 568 713 summa
584 664 709 726 cruce,
722 639 834 712 veluti
853 641 899 712 de
921 643 1111 734 tribunali,
1127 647 1165 716 in
1185 650 1263 718 Poe-

193 777 328 826 norum
351 751 485 824 scelera
507 753 816 838 concionaretur,
842 750 1029 848 objectans
1051 755 1138 844 illis,
1160 783 1262 829 nunc
1278 783 1309 820 ιο

195 895 213 932 α
232 869 454 936 Hannonem
470 862 558 935 falsa
575 858 745 934 adfectati
762 865 864 958 regni
882 865 1017 935 invidia
1037 869 1263 939 circumven-

194 990 273 1047 tum
288 1002 295 1045 :
309 1006 326 1040 n
346 999 448 1045 nunc
467 1003 485 1040 α
499 973 670 1046 Gisconis
692 973 904 1044 innocentis
927 975 1089 1046 exsilium
1102 1003 1110 1046 ε
1125 1007 1143 1044 »
1162 1003 1264 1050 nunc

195 1116 213 1153 α
227 1087 265 1156 in
279 1084 519 1158 Hamilcarem
533 1098 704 1183 patruum
720 1107 827 1153 suum
844 1086 953 1154 tacita
968 1081 1152 1183 suffragia,
1165 1087 1265 1185 quod

196 1195 430 1293 Agathoclem
448 1197 590 1268 socium
608 1194 678 1266 illis
696 1191 836 1282 facere,
852 1217 963 1292 quarn
976 1193 1119 1266 hostem
1135 1197 1266 1270 malue

193 1309 250 1379 rit
262 1338 280 1373 a
296 1313 380 1379 Haec
399 1331 514 1405 quum
533 1307 573 1376 in
597 1305 753 1376 maxima
775 1303 903 1404 populi
927 1306 1107 1377 concione
1128 1307 1264 1379 vocife-
1280 1335 1308 1370 ιι
1320 1385 1346 1412 ⁸

195 1434 294 1491 ratus
311 1433 423 1508 essct,
441 1419 643 1517 exspiravit.

245 1533 338 1601 tull.
348 1534 492 1600 Interea
504 1525 737 1626 Agathocles,
747 1525 948 1625 profligatis
958 1529 998 1597 in
1012 1526 1131 1600 Africa
1142 1527 1266 1618 rebus,
1280 1557 1292 1594 1

196 1638 331 1712 tradito
347 1639 576 1737 Archagatho
592 1635 668 1709 filio
682 1639 859 1726 exercitu,
873 1639 911 1710 in
925 1637 1079 1710 Siciliam
1096 1644 1267 1726 recurrit,

197 1748 291 1820 nihil
306 1766 427 1822 aetram
441 1752 481 1822 in
498 1748 617 1823 Africa
633 1750 859 1838 existimans,
874 1752 903 1821 si
919 1749 1073 1849 amplius
1086 1757 1267 1850 Syracusa

197 1860 462 1934 obsiderentur.
481 1865 573 1934 Nam
590 1873 676 1961 post
691 1861 855 1933 occisum
870 1861 1128 1952 Hamilcarem,
1144 1867 1295 1936 flisco-2

198 1975 256 2044 iris
273 1970 407 2062 filium,
425 1995 546 2047 novus
565 1999 609 2046 eo
627 1998 648 2044 a
667 1973 788 2044 Poenis
802 1972 933 2043 missus
948 1965 1127 2046 exercitus
1140 1974 1266 2048 fuerat.

197 2084 322 2154 Statim
336 2087 446 2181 igitur
459 2087 579 2185 primo
593 2083 755 2155 adventu
767 2083 844 2176 ejus
858 2107 988 2153 omnes
1001 2083 1126 2154 Siciliae
1140 2084 1249 2157 urbes
1260 2078 1297 2174 ,a

173 2287 178 2295 .
199 2193 329 2264 auditis
349 2193 479 2282 rebus,
498 2197 647 2291 quasin
670 2191 791 2264 Africa
811 2207 984 2287 gesserat,
999 2198 1162 2265 certatim
1180 2221 1217 2266 se
1237 2199 1270 2267 ei

200 2302 375 2373 tradunt:
390 2317 504 2400 atque
528 2305 577 2372 ita
599 2301 713 2400 pulsis
736 2325 758 2371 e
781 2300 899 2372 Sicilia
923 2307 1062 2391 Poenis,
1082 2308 1192 2377 totins
1213 2309 1272 2376 in-

200 2411 288 2484 sulae
299 2413 494 2510 imperium
506 2413 709 2510 occupavit.
721 2415 767 2482 In
779 2408 938 2482 Africam
948 2411 1082 2485 deinde
1095 2439 1271 2502 reversus,
1284 2435 1301 2491 t

201 2522 379 2594 seditione
398 2524 554 2594 militum
574 2525 764 2620 excipitur.
780 2525 874 2593 Nam
893 2521 1159 2620 stipendiorum
1176 2524 1273 2596 solu-

201 2635 252 2704 tio
270 2635 308 2705 in
327 2635 524 2708 adventum
541 2637 656 2734 patris
674 2632 783 2704 dilata
806 2656 826 2703 a
848 2629 923 2702 filio
946 2630 1071 2704 luerat.
1094 2637 1208 2733 igitur
1227 2635 1301 2707 ads

202 2746 423 2818 concionem
451 2761 602 2818 vocatos
627 2742 771 2814 blandis
796 2741 918 2814 verbis
941 2743 1152 2841 pennulsit:
1173 2775 1191 2811 ι(
1206 2749 1274 2817 Sti-

6 2877 13 2894 ·
119 2939 126 2958 .
203 2857 335 2954 pendia
359 2857 428 2928 illis
452 2883 530 2929 non
555 2882 575 2927 a
599 2879 637 2927 sc
663 2852 980 2951 flagitandaesse,
1005 2853 1068 2926 sed
1095 2854 1141 2926 ab
1168 2853 1274 2928 hoste

204 2966 423 3062 quaerenda:
444 2991 679 3039 communem
700 2964 909 3044 victoriam,
929 2963 1161 3038 communem
1183 2992 1274 3066 prae·

204 3075 304 3165 dam,
318 3074 487 3148 futuram.
502 3077 666 3148 Paullum
680 3074 792 3146 modo
805 3073 1071 3166 adniterentur,
1085 3076 1171 3148 dum
1187 3076 1274 3148 belli
1287 3095 1303 3144 6

205 3268 283 3328 σίτων,-
301 3267 414 3338 locusque
423 3265 489 3318 idem
502 3269 528 3317 in
543 3284 593 3317 ano
610 3265 718 3328 lomim,
762 3279 841 3333 supra
855 3273 895 3315 est
910 3275 1092 3318 memoratum.
1107 3295 1142 3304 -
1152 3263 1275 3316 Hami'lca·
1299 3315 1302 3324 ,

205 3347 332 3395 etesbrioe
338 3345 609 3414 gloriamcrimmtum,
617 3355 722 3415 etpoeaoe
761 3361 818 3393 ran.
831 3343 897 3415 Cap.
912 3361 926 3394 a
938 3353 965 3394 et
978 3342 1002 3394 3.

205 3424 294 3474 udimoe
302 3424 438 3490 futtilis.
452 3423 507 3488 VI,
519 3443 561 3477 so.
797 3421 881 3474 Vlll.
896 3420 1179 3490 mmlugmhmconf
1195 3419 1274 3472 Diod.

207 3512 457 3552 stnaeuwatscacaer
465 3507 719 3564 upetneasaeniosotro,
762 3497 831 3564 xx,
847 3499 929 3568 biii-7²
943 3511 970 3552 et
986 3517 1076 3570 7779.
1089 3497 1276 3568 Ἀρχ-αγιθᾶς,

205 3581 242 3633 ait
255 3581 365 3633 Valerio
376 3581 500 3635 Horatius
510 3594 599 3654 pater,
609 3579 665 3631 lilio
675 3597 722 3649 pa·
764 3577 819 3630 sive
829 3575 1006 3646 Ἀγιθ-ἇρχος.
1018 3609 1051 3619 -
1065 3579 1213 3648 Prostigatis.
1226 3569 1275 3630 Fe-

165 3710 169 3721 ,
206 3658 357 3724 trucium,
371 3659 443 3734 spud
455 3671 576 3713 nostrum
591 3657 720 3722 Comer'lle,
763 3655 885 3709 licissime
902 3658 994 3727 gestis,
1011 3655 1117 3727 penitus
1133 3657 1277 3722 consectis,

206 3743 315 3803 Horace,
331 3749 379 3791 aet.
396 3747 427 3804 V,
442 3759 476 3791 sc.
489 3738 515 3791 3.
532 3755 577 3790 ru.
596 3767 631 3776 —
644 3737 723 3788 Anno
764 3744 794 3786 ut
806 3732 874 3799 XX,
888 3741 921 3798 4,
938 3733 985 3798 ι3;
1006 3733 1066 3786 coll.
1080 3733 1184 3788 Ernesti
1204 3737 1277 3790 clave

207 3816 288 3869 Urbis
301 3821 361 3880 446.
764 3813 821 3866 Cic.
833 3815 867 3853 ἓ-
880 3817 955 3865 Anno
967 3813 1048 3865 Urbis
1062 3818 1121 3884 447.

244 3915 271 3962 9.
288 3897 464 3948 Crudelitatem.
476 3891 724 3961 Quo'modocrude·
803 3913 827 3946 s.
848 3891 1014 3945 Hamilcarem.
1035 3892 1145 3966 Respice
1165 3905 1221 3946 not.
1243 3889 1277 3946 ad

209 3973 600 4046 lesPoeni,prtriaproditorem
606 3973 725 4046 patibulo
766 3989 823 4044 cap.
836 3989 869 4040 7,
883 3989 911 4034 ης
924 3970 984 4023 coll.
998 3987 1055 4041 cap.
1069 3971 1099 4036 3,
1112 3988 1137 4041 9.

211 4052 382 4124 suffigentes?
803 4057 828 4111 Δ.
839 4055 957 4102 reversus.
972 4049 1076 4102 Scilicet
1087 4045 1223 4104 revocatus
1237 4069 1277 4104 re·

250 4149 290 4182 ro.
307 4135 457 4184 Horrorem.
471 4131 583 4204 Respice
599 4131 685 4196 m,
700 4137 726 4193 4.
765 4128 817 4181 bus
829 4129 877 4180 lilii
888 4127 1011 4182 adversis.
1025 4127 1080 4180 Hac
1092 4127 1127 4180 de
1143 4149 1172 4183 rs
1191 4143 1278 4184 autem

213 4237 247 4250 -
260 4211 380 4265 Giscoais.
396 4211 437 4264 De
455 4213 531 4282 cujus
549 4212 641 4265 exsilio
660 4209 727 4265 nihil
768 4208 860 4262 confer
871 4205 950 4260 Diod.
963 4205 1030 4272 XX,
1046 4207 1136 4278 57-63.
