2967 4684
235 338 300 411 152
656 352 866 421 JUSTINI

178 444 184 457 ⁸
200 480 464 539 seoncurrunt.
475 473 630 542 Tantum
644 471 718 543 odii
734 470 971 545 Athenienses
983 473 1208 546 immoderati
1224 474 1287 543 im-

200 578 321 672 rperii
350 578 545 677 cupiditate
574 598 844 656 contraxerant.
873 586 1002 657 Darius
1031 610 1197 684 quoque,
1222 608 1287 655 rex

229 690 437 776 Persarum,
459 714 599 763 memor
622 695 766 791 paterni
790 696 947 793 avitique
971 698 1010 767 in
1036 694 1132 767 hanc
1158 694 1286 765 urbem

163 811 167 837 ¹
229 795 323 883 odii,
351 794 444 869 sacta
472 824 555 872 cum
587 804 867 877 Lacedaemoniis
898 830 964 905 per
993 807 1288 905 Tissaphernem,

230 905 438 1004 praefectum
463 912 602 1009 Lydiae,
626 917 816 1004 societate,
842 941 987 989 omnem
1015 933 1174 989 sumtum
1202 914 1289 986 belli

201 1033 217 1085 e
229 1014 428 1113 pollicetur.
454 1025 499 1091 Et
527 1039 604 1095 erat
628 1023 689 1096 hic
716 1026 864 1123 quidem
893 1028 1016 1100 titulus
1045 1053 1128 1100 cum
1155 1026 1288 1098 Graecis

230 1127 388 1199 coeundi
402 1158 410 1199 ε
424 1156 464 1203 re
481 1149 602 1205 autem
620 1160 700 1208 vera
716 1137 884 1225 timebat,
898 1160 962 1227 ne,
976 1140 1078 1209 victis
1092 1134 1289 1211 Athenien·

199 1237 346 1328 ssibus,
363 1241 459 1315 adse
477 1246 739 1319 Lacedaemonii
753 1274 852 1320 arma
865 1247 1112 1321 transferrent.
1125 1248 1214 1337 Quis
1228 1246 1290 1342 igi-

229 1358 289 1420 tur
304 1354 471 1443 miretur,
484 1372 557 1427 tam
572 1357 744 1430 florentes
761 1360 1034 1431 Atheniensium
1053 1382 1140 1457 opes
1157 1358 1288 1445 ruisse,

229 1487 342 1558 quum
357 1466 402 1536 ad
419 1471 695 1567 opprimendam
710 1496 821 1542 unam
839 1472 988 1559 urbem,
1005 1472 1115 1542 totius
1132 1466 1290 1539 Orientis

185 1603 218 1638 ιο
227 1577 323 1647 vires
349 1582 637 1650 concurrerent?
661 1584 746 1651 Non
775 1597 897 1651 umen
924 1582 1056 1666 inerti,
1083 1602 1203 1675 neque
1232 1578 1289 1646 in-

230 1698 383 1755 cruento
401 1688 564 1758 cecidere
581 1688 699 1776 hello;
713 1689 777 1760 sed
794 1690 942 1786 praeliati
956 1690 1001 1760 ad
1019 1688 1203 1771 ultimum,
1217 1689 1289 1757 vic-

229 1804 326 1861 tores
344 1795 450 1863 etiam
464 1796 666 1886 interdum,
681 1804 864 1871 consumti
880 1802 990 1895 magis
1007 1798 1163 1871 fortunae
1177 1802 1289 1871 varie·

184 1931 215 1969 ιι
229 1915 320 1988 tate,
336 1928 443 2000 quam
461 1907 496 1974 vi
513 1909 598 1978 victi
617 1923 712 1979 sunt.
728 1911 911 2007 Principio
927 1908 1013 1980 belli
1030 1932 1158 2009 omnes
1172 1908 1218 1980 ab
1234 1908 1290 1979 his

229 2014 336 2085 etiam
353 2016 441 2087 socii
457 2016 700 2106 desciverant,
712 2034 754 2090 ut
766 2017 809 2089 fit
824 2047 832 2089 ε
848 2044 922 2117 quo
937 2044 974 2092 se
990 2016 1152 2108 fortune,
1162 2017 1289 2089 eodem

229 2123 337 2193 etiam
351 2122 453 2195 favor
470 2126 663 2199 hominum
680 2128 841 2201 inclinat.

203 2262 215 2299 ι
278 2235 322 2303 II.
343 2234 542 2310 Alcibiades
556 2264 703 2338 quoque
713 2254 854 2311 motum
868 2239 1039 2314 adversus
1053 2242 1202 2339 patriam
1214 2239 1290 2313 bel-

227 2342 321 2432 lum,
340 2370 417 2417 non
436 2350 587 2447 gregarii
604 2351 725 2423 militis
743 2358 870 2449 opera,
889 2350 951 2425 sed
974 2354 1199 2453 imperatoris
1221 2352 1289 2422 vir-

263 2559 290 2608 d.
311 2560 453 2629 crusmate.
472 2563 541 2617 Dedi
558 2565 628 2619 hene
645 2566 739 2619 lectio-
780 2566 985 2620 tentissimorum
1003 2566 1140 2620 amicitiem
1164 2566 1289 2631 meleha,

229 2653 291 2686 nem
309 2654 341 2686 ex
357 2638 415 2691 MS.
434 2638 614 2713 Bongnrsiano
628 2657 655 2697 et
669 2663 740 2696 mar·
781 2663 858 2715 qnam
871 2646 976 2697 bellum.
988 2676 1023 2684 -
1034 2646 1065 2696 A.
1079 2644 1114 2694 U.
1128 2644 1161 2705 tt
1166 2661 1187 2695 1.

230 2711 293 2781 gine
310 2711 351 2765 ed.
368 2714 427 2768 Col.
440 2736 492 2788 pro
503 2720 650 2774 crudelitate.
661 2722 739 2776 Gont'.
816 2739 841 2788 9.
860 2722 1009 2774 Florentes...
1026 2742 1081 2791 opes
1101 2723 1183 2773 ruisse.
1204 2721 1290 2773 Metu·

229 2790 261 2852 1,
277 2807 307 2853 ¹,
322 2794 352 2853 ⁵3
365 2794 416 2845 ⁰011
438 2797 462 2862 S·
480 2814 502 2850 1·
781 2802 865 2871 phora
876 2818 930 2855 non
940 2812 1008 2871 epta.
1017 2800 1078 2852 Flos
1088 2798 1160 2851 enim
1169 2818 1223 2852 non
1232 2803 1288 2862 mit,

266 2887 291 2937 7·
303 2873 398 2923 Datim.
414 2872 534 2940 Nothus,
546 2877 644 2931 scilieet
652 2880 699 2951 qui
708 2881 741 2932 ab
781 2878 828 2932 sed
841 2880 976 2935 flauescit.
987 2910 1019 2919 —
1031 2883 1141 2931 orientis.
1153 2880 1292 2933 Persarum

230 2962 301 2997 enno
323 2945 386 2999 inde
408 2950 473 3017 330,
496 2973 592 3007 novem
611 2960 741 3012 mensium
782 2958 902 3030 imperii,
916 2957 944 3021 1,
958 2960 987 3021 8,
1006 2978 1028 3011 r.

230 3022 344 3093 imperio
361 3027 456 3080 Xerxis
470 3029 499 3080 11
515 3045 542 3084 et
557 3034 682 3105 Sogdiani
699 3038 741 3090 in·
819 3054 859 3089 ro.
871 3042 928 3088 Non
937 3048 1015 3088 tamen
1026 3037 1107 3099 inerti,
1118 3048 1168 3088 eto.
1181 3034 1292 3088 Cecide-

232 3103 352 3173 teq'ecto,
361 3122 520 3163 successerat
527 3114 596 3183 patri
605 3117 741 3169 Artaxerxi
782 3127 845 3167 runt
858 3114 1029 3167 Athenienses
1043 3115 1128 3178 bello,
1143 3112 1215 3184 quod
1233 3132 1292 3185 ges·

231 3180 412 3252 Longinam,
426 3186 486 3251 111,
503 3196 571 3253 μή,
583 3194 658 3265 eujus
669 3208 743 3264 pater
765 3204 870 3245 ¹serunt
893 3195 1010 3257 strenui,
1031 3210 1085 3245 non
1109 3192 1215 3263 ignavi,
1238 3210 1291 3243 non

231 3259 318 3316 tuerat
329 3262 443 3329 Xerxes,
454 3284 519 3319 avus
530 3270 640 3336 Darius,
652 3291 743 3327 omnes
784 3271 895 3335 inertes,
910 3270 1026 3343 indeque
1041 3290 1094 3323 non
1110 3271 1292 3335 incruentum,

233 3338 434 3394 Atheniensium
451 3344 613 3414 hostes,11,
629 3368 676 3414 ro,
691 3372 701 3403 ι
717 3366 744 3405 et
784 3351 867 3402 multo
895 3363 969 3403 entes
995 3368 1102 3402 suorum
1127 3363 1154 3403 et
1177 3350 1293 3403 hostium

235 3432 283 3480 m
294 3418 354 3471 ooli.
362 3432 417 3472 not.
428 3420 461 3474 ed
473 3422 514 3488 ll,
529 3428 569 3489 15,
582 3446 661 3479 no.—
669 3435 744 3481 taeta
785 3445 878 3480 cruore
890 3428 1008 3498 profuso.

232 3500 353 3549 secutam
373 3499 499 3572 Inprimis
521 3503 654 3559 adnitente
674 3507 744 3559 Aloi-
822 3504 1294 3577 rr.Prr'neioiobelli.NonPeloponne·

234 3572 319 3630 binde.
329 3575 392 3629 Vid.
404 3580 482 3633 Corn.
493 3582 564 3648 VH,
578 3591 609 3647 4,
621 3604 651 3654 7,
660 3584 705 3637 nbi
715 3586 744 3638 in
785 3584 860 3647 sisci,
872 3602 941 3635 anno
949 3586 1004 3655 jem
1015 3584 1064 3636 323
1075 3584 1183 3655 incepti,
1191 3582 1237 3635 sed
1246 3600 1295 3654 per

234 3664 298 3704 nota
306 3655 382 3707 simul
392 3658 449 3711 loca
455 3658 622 3735 Thucydidis
631 3662 745 3717 indicavi
786 3679 867 3714 annos
881 3661 1012 3730 sss-339,
1024 3681 1072 3733 per
1086 3666 1102 3714 6
1115 3678 1197 3714 annos
1209 3674 1236 3713 et
1247 3678 1295 3731 per

235 3726 270 3780 de
280 3745 368 3784 sumtu
377 3734 462 3789 hellin
473 3738 557 3791 Persis
568 3740 743 3813 suppeditato.
786 3742 803 3791 6
821 3756 924 3791 menses
942 3740 1115 3811 quiescentis,
1134 3742 1188 3811 jem
1208 3751 1295 3791 autem

236 3836 271 3848 -
293 3813 476 3881 Tissaphernem.
496 3817 582 3883 Bene;
604 3820 646 3872 vel
674 3823 745 3871 fisa-
786 3816 852 3884 (vid.
866 3830 920 3869 not.
928 3816 1023 3882 ale,
1032 3822 1057 3883 5,
1071 3817 1296 3887 3)vehsmentius

232 3886 345 3959 ptemerrs
357 3908 367 3941 .·
379 3904 489 3964 utraque
501 3896 572 3948 enim
583 3896 661 3949 flexio
673 3897 745 3969 apud
786 3894 1004 3951 recrudescentis.

236 3966 471 4023 Grecosauctom
483 3974 575 4027 usitate
586 3987 634 4027 est.
647 3992 692 4029 nn.
822 3974 858 4025 11.
875 3992 896 4026 r.
913 3974 1080 4043 Impemton'is.
1101 3972 1145 4027 Sic
1163 3973 1247 4040 Bong.
1269 3982 1296 4021 et

272 4045 503 4100 &tiernensem
516 4064 565 4103 etc.
578 4051 746 4107 lnoedemo-
787 4056 874 4116 Vens
895 4050 979 4103 ceteri
1012 4066 1104 4102 omnes
1132 4050 1293 4121 operatoris,

236 4123 342 4183 niumm
357 4124 440 4197 igitur
455 4128 571 4186 victoriis
587 4130 683 4186 Sionlis
694 4150 746 4203 po·
786 4149 845 4205 qun
856 4144 896 4183 est
905 4128 991 4205 aptior
1004 4126 1139 4185 antithesis
1151 4126 1238 4181 mt'dtis.
1248 4142 1295 4213 ¹⁰?
