2967 4684
372 318 757 391 HISTORIARUM
782 318 942 387 LIBER
967 320 1070 388 XIV.
1184 320 1248 391 281

77 506 82 519 .
193 446 282 518 culis
308 457 546 514 monumenta
573 442 780 538 superarint
802 468 810 509 :
832 462 897 537 per
919 438 989 512 hos
1013 439 1256 514 Alexandrum
1271 476 1303 513 10

192 580 364 653 magnum
381 551 533 641 factum3
546 576 610 651 per
626 549 695 621 hos
711 548 856 620 divinos
873 548 1051 637 honores,
1065 565 1101 621 et
1115 552 1258 622 immor·

192 667 299 737 talem
316 664 465 762 gloriam
483 674 750 758 consequutum
764 686 772 728 :
784 690 801 724 κ
817 674 913 748 orat,
927 674 996 731 «ut
1012 684 1090 730 non
1106 660 1303 733 tamdu-11

195 802 274 849 cem
288 801 347 865 se,
361 799 470 873 quam
488 771 793 857 commilitonem,
805 770 999 869 recipiant,
1012 794 1202 867 unumque
1216 796 1260 842 ex

196 910 349 984 corpore
364 908 430 956 suo
444 908 521 954 esse
538 880 688 953 velint.»
704 885 885 979 Receptus
900 878 968 951 hac
983 879 1260 979 lege'paullatim
1275 914 1305 950 ιι

194 997 386 1092 imperium
400 994 559 1092 primum
571 990 761 1062 monendo
776 991 955 1088 singulos,
969 1015 1071 1079 mox,
1087 1016 1165 1088 quae
1180 1016 1262 1090 per·
1352 1020 1355 1027 ¹

195 1130 318 1204 peram
337 1103 430 1177 facta
447 1119 572 1190 erant,
589 1100 726 1173 blande
746 1099 963 1198 corrigendo
981 1114 1153 1197 usurpat:
1171 1099 1263 1171 nihil

196 1218 235 1285 in
254 1218 378 1288 castris
398 1218 477 1288 sine
492 1215 554 1285 illo
571 1211 752 1311 agi,nihil
766 1209 1009 1281 administrari
1024 1212 1101 1281 sine
1120 1209 1263 1281 solertia
1299 1258 1302 1266 .

195 1324 290 1397 illius
307 1340 460 1424 poterat.

244 1441 306 1507 ΙΙΙ.
324 1435 378 1506 Ad
398 1450 643 1533 postremum,
662 1456 777 1531 quum
796 1432 1020 1529 Antigonum
1038 1431 1160 1502 venire
1179 1456 1261 1501 cum
1278 1460 1290 1495 1

196 1545 357 1615 exercitu
370 1546 579 1616 nuntiatum
595 1560 703 1633 esset,
718 1541 904 1642 compellit
919 1566 982 1614 eos
997 1543 1035 1612 in
1054 1544 1167 1612 aciem
1185 1540 1264 1613 des·

199 1654 363 1726 cendere.
376 1653 433 1725 lbi
447 1653 533 1725 dum
547 1654 649 1727 ducis
662 1655 815 1755 imperia
829 1668 1090 1742 contemnunt,
1104 1652 1264 1724 hostium
1279 1684 1293 1717 2

198 1767 331 1836 virtute
348 1782 575 1864 superantur.
592 1771 636 1837 In
654 1794 698 1839 eo
715 1766 836 1862 praelio
856 1791 934 1837 non
954 1766 1103 1863 gloriam
1122 1778 1293 1836 tantuma

199 1890 254 1947 tot
266 1874 444 1948 bellorum
459 1902 543 1949 cum
559 1878 776 1976 conjugibus
791 1892 826 1949 et
839 1876 978 1965 liberis,
993 1876 1056 1949 sed
1071 1892 1107 1949 et
1120 1878 1267 1976 praemia
1293 1936 1300 1941 .

199 1985 307 2084 longa
328 1986 457 2059 militia
479 2004 581 2088 parta
607 1988 857 2085 perdiderunt.
884 1987 954 2058 Sed
978 1995 1179 2077 Eumenes,
1203 1989 1295 2085 quit

200 2112 326 2168 auctor
350 2098 459 2169 cladis
482 2114 577 2186 erat,
593 2124 663 2169 nec
688 2099 792 2170 aliam
817 2122 917 2197 spem
944 2098 1065 2170 salutis
1090 2099 1266 2195 reliquam

201 2204 376 2292 habebat,
389 2208 503 2277 victos
516 2206 741 2278 hortabatur.
754 2212 845 2280 Nam
861 2223 925 2279 «et
937 2209 1070 2278 virtute
1085 2232 1146 2279 eos
1162 2232 1267 2305 supe·
1280 2218 1295 2274 5

202 2316 316 2385 riores
338 2312 448 2385 fuisse
462 2346 479 2381 »
502 2314 738 2388 adfirmabat:
758 2320 933 2416 «Quippe
957 2316 1003 2387 ab
1024 2317 1081 2388 his
1101 2319 1267 2415 quinque

203 2423 312 2494 millia
334 2424 495 2496 hostium
518 2449 607 2496 caesa
629 2453 637 2496 :
661 2440 697 2497 et
724 2429 753 2496 si
778 2429 816 2497 in
841 2426 939 2497 bello
964 2442 1146 2524 perstent,
1170 2428 1267 2500 ultro

203 2534 325 2607 hostes
338 2560 465 2634 pacem
482 2537 666 2635 petituros
683 2541 842 2621 Damna,
861 2535 995 2634 quibus
1013 2562 1050 2608 se
1068 2538 1183 2610 victos
1202 2555 1297 2635 pu·e

202 2661 299 2733 tent,
312 2647 386 2718 duo
401 2646 511 2718 millia
524 2646 734 2734 mulierum,
748 2662 784 2717 et
799 2671 935 2745 paucos
951 2644 1126 2733 infantes,
1141 2659 1177 2715 et
1196 2670 1269 2716 ser-

203 2757 287 2827 vitia
316 2781 409 2845 esse,
434 2783 513 2855 quae
543 2757 670 2829 melius
699 2757 882 2828 vincendo
916 2758 1057 2855 possint
1084 2780 1269 2853 reparare,

206 2893 316 2964 quam
330 2867 531 2940 deserendo
544 2870 770 2940 victoriam.»
783 2872 896 2938 Porro
908 2865 1164 2965 Argyraspides
1176 2898 1193 2932 «
1206 2892 1269 2939 ne·
1282 2896 1298 2949 7

207 3002 278 3075 que
296 2976 416 3075 fugam
438 3004 476 3049 se
500 2994 701 3052 tentaturos
726 2978 875 3067 dicunt,
897 2992 981 3075 post
1006 2975 1138 3048 damna
1159 2978 1269 3075 patri-

206 3088 436 3172 moniorum,
454 3102 490 3157 et
512 3105 594 3185 post
615 3091 788 3185 conjuges
811 3089 977 3175 amissas,
995 3112 1115 3183 neque
1134 3086 1270 3159 bellum

208 3212 371 3294 gesturos
385 3211 513 3267 contra
525 3197 657 3269 liberos
670 3225 773 3288 su0s;
783 3228 800 3265 ³>
814 3200 985 3296 ultroque
999 3224 1082 3269 eum
1098 3200 1269 3270 conviciis
1283 3218 1299 3271 8

208 3412 238 3465 7,
248 3396 281 3457 63
294 3392 368 3458 ΧΠ,
378 3411 409 3462 9,
424 3394 525 3459 a;coll.
536 3394 565 3459 1,
576 3413 608 3465 7,
623 3396 716 3449 12-13.
793 3416 819 3467 7.
834 3400 1041 3475 Patrimoniosum.
1060 3398 1099 3448 Ita
1117 3414 1167 3467 pro
1185 3400 1269 3447 matri-

150 3500 154 3505 ·
242 3470 298 3524 Ill.
314 3473 479 3524 a.-Anno
493 3471 574 3524 Urbis
587 3472 647 3534 1538.
758 3477 869 3537 monium,
884 3473 911 3526 id
924 3478 1130 3547 est,conjugum
1142 3474 1164 3540 S.
1175 3473 1200 3539 3,
1211 3492 1270 3525 mu-

244 3548 306 3601 3.In
316 3550 434 3621 eoproelio
446 3550 631 3621 ..perdiderunt
640 3550 716 3603 Conf.
757 3554 851 3606 lierum
865 3554 889 3619 S.
904 3556 935 3615 6,
952 3552 1025 3621 quod
1044 3570 1126 3623 quum
1147 3563 1270 3621 sequatur

208 3625 243 3679 de
261 3645 318 3699 cap.
343 3628 390 3690 Η
412 3628 491 3681 Diod.
512 3628 598 3693 xlx,
618 3630 717 3701 37-443
758 3633 872 3700 conjuges
885 3632 997 3692 amissas,
1009 3630 1126 3700 ineptam
1139 3627 1201 3680 facit
1213 3641 1270 3681 tau·

209 3705 269 3758 coll.
283 3706 364 3758 Corn.
380 3705 494 3771 XVIII,
511 3726 551 3761 to.
759 3710 892 3781 tologiam.
905 3706 1015 3760 Correai
1028 3708 1111 3778 igitur
1123 3724 1182 3757 cum
1197 3706 1270 3761 Gru·

243 3791 268 3848 4.
282 3792 375 3835 Auctor
382 3784 467 3835 cladis.
478 3786 613 3851 Quatenus
622 3786 718 3839 militet
758 3786 803 3849 rio
819 3805 852 3839 ex
862 3784 921 3837 ald.
935 3798 961 3837 et
971 3786 1044 3837 Junt.
1057 3786 1269 3855 patrinoniorum,

208 3863 238 3913 in
248 3860 330 3913 aciem
338 3860 497 3916 descendere
505 3866 718 3935 compulerat-
759 3864 817 3917 coll.
831 3862 887 3928 IX,
902 3882 930 3929 a,
945 3883 973 3934 7,
988 3881 1046 3934 qun
1058 3874 1119 3915 sunt
1131 3864 1154 3930 S.
1168 3863 1198 3928 3,
1206 3884 1271 3935 prce·

209 3939 365 3991 Hortatamr.
385 3942 460 3993 Bono
483 3942 571 3994 animo
593 3960 639 3995 eos
661 3960 717 3995 este
757 3946 805 3994 mio
824 3942 907 3994 militia
921 3953 1013 4014 μανίας
1030 3942 1054 4007 S.
1074 3940 1105 4005 3,
1116 3945 1218 4012 proemio
1236 3954 1273 3993 tot

209 4016 322 4085 jubebat.
340 4016 418 4069 Cous.
434 4016 492 4085 XI,
509 4018 541 4084 3,
563 4038 595 4087 ις
611 4019 652 4071 xl
659 4060 668 4086 ,
686 4038 716 4085 1,
758 4021 885 4083 bellorum·
897 4022 921 4088 §-
938 4038 983 4085 ιο,
992 4020 1076 4084 felicis
1091 4020 1180 4073 militie
1192 4040 1270 4094 quoes·

212 4093 311 4158 mxl,
326 4112 357 4162 9,
372 4094 412 4147 1³.
759 4110 804 4153 tus.
818 4098 975 4153 Conlllell.
988 4098 1033 4167 11,
1049 4114 1114 4164 120,
1127 4098 1151 4151 3.
