2967 4684
226 344 298 433 ne
649 298 859 421 rusrnu

225 472 265 540 in
290 468 371 542 foro
395 471 747 570 Carthaginiensium
773 471 985 544 obversatus
1009 473 1049 541 in
1075 493 1282 571 supremum

225 577 369 670 luisset,
387 581 705 681 adpropinquante
723 606 887 680 vespere,
901 605 1037 679 equum
1054 583 1284 672 conscendit,

226 706 341 764 etrus
362 691 571 781 urbanum,
585 692 684 790 quod
706 708 858 790 propter
877 692 961 763 litus
981 695 1091 764 maris
1107 691 1284 780 habebat,

225 805 360 900 ignaris
374 807 500 891 servis,
508 805 688 900 jussisque
700 800 746 874 ad
758 817 900 903 portum
915 818 1157 874 revertentem
1173 829 1285 903 oppe-

197 914 308 1002 lriri,
334 914 533 987 contendit.
565 911 730 985 Habebat
764 912 815 985 ibi
849 939 958 986 naves
984 937 1067 985 cum
1090 915 1286 1011 remigibus

225 1025 370 1098 occulto
384 1030 468 1097 sinu
481 1027 596 1098 litoris
610 1024 858 1115 absconditas3
873 1040 950 1098 erat
965 1040 1002 1096 et
1016 1026 1161 1123 grandis
1177 1049 1285 1124 pecu-

225 1139 287 1207 nia
299 1141 339 1209 in
354 1163 397 1208 eo
411 1163 498 1236 agro
511 1153 728 1239 praeparata,
742 1152 800 1227 ut,
815 1163 929 1236 quum
942 1163 1000 1209 res
1014 1139 1203 1235 exegisset,
1217 1162 1287 1208 nec

197 1245 374 1322 sfacultas
396 1247 539 1348 fugam,
566 1274 636 1322 nec
658 1249 785 1347 inopia
811 1263 1024 1320 moraretur.
1048 1253 1158 1319 lecta
1179 1248 1287 1344 igitur

225 1383 411 1432 servorum
421 1363 633 1460 juventute,
645 1386 804 1460 quorum
819 1363 960 1460 copiam
978 1359 1185 1432 Italicorum
1202 1383 1288 1457 cap-

224 1471 381 1551 tivorum
405 1497 577 1544 numerus
599 1471 774 1571 augebat,
799 1497 928 1544 navem
951 1471 1185 1557 conscendit,
1206 1495 1286 1542 cur-

195 1599 213 1650 6
226 1605 379 1679 sumque
392 1581 437 1652 ad
451 1582 672 1654 Antiochum
684 1581 815 1682 dirigit.
829 1588 974 1654 Postera
986 1583 1043 1654 die
1056 1585 1177 1654 civitas
1190 1583 1288 1681 prin-

225 1694 342 1790 cipem
361 1717 483 1782 suum,
498 1718 541 1766 ac
557 1707 635 1765 tum
652 1696 826 1793 temporis
844 1691 1052 1781 consulem,
1070 1695 1109 1762 iu
1125 1690 1207 1764 loro
1227 1715 1288 1763 ex-

196 1803 419 1900 7spectabat.
440 1807 558 1896 Quem
583 1821 625 1877 ut
649 1805 854 1906 profectum
880 1805 1088 1876 nuntiatum
1112 1817 1187 1890 est,
1210 1827 1287 1873 non

225 1911 328 1984 aliter
350 1939 460 2012 quam
482 1918 510 1987 si
533 1915 623 1988 urbs
641 1931 746 2015 capta
766 1930 878 2004 esset,
899 1939 1027 1987 omues
1045 1913 1287 2012 trepidavere,

197 2023 486 2123 texitiosamque
511 2026 579 2099 sibi
604 2025 727 2125 fugam
745 2027 822 2122 ejus
842 2027 994 2096 ominati
1015 2040 1111 2097 sunt
1136 2029 1290 2122 legatus

224 2159 313 2208 vero
336 2142 545 2228 Romanus,
568 2142 670 2237 quasi
694 2136 832 2209 bellum
853 2139 926 2232 jam
953 2136 1091 2208 illatum
1113 2135 1221 2207 ltaliae
1242 2133 1289 2206 ab

226 2248 431 2321 Hannibale
458 2265 570 2338 esset,
596 2251 725 2322 tacitus
756 2253 907 2319 Romam
935 2245 1158 2345 regreditur,
1180 2248 1290 2346 trepi-

227 2357 389 2456 dumque
410 2364 582 2434 nuntium
600 2358 720 2433 refert.

227 2569 306 2625 MSS.
331 2569 439 2642 quidam
461 2573 637 2638 subrubauum,
665 2572 739 2645 quod
780 2585 947 2644 tum,supra
960 2569 1045 2636 xlx,
1063 2591 1094 2636 a,
1108 2571 1139 2634 ὃς
1155 2582 1291 2624 umus

225 2651 373 2719 conjecerat
389 2651 597 2715 Freinshemius,
612 2653 689 2704 bene.
780 2664 835 2704 erat
857 2651 965 2722 triginta
983 2651 1117 2703 seniorum
1137 2667 1289 2717 consessus,

262 2733 287 2790 4.
302 2727 422 2778 Facultus.
433 2731 486 2780 Aut
497 2730 587 2800 potius
597 2727 737 2797 difficultas,
780 2730 838 2782 Liv.
855 2727 950 2794 XXX,
963 2733 1010 2795 16,
1028 2729 1052 2783 3.
1067 2729 1148 2782 Erant
1160 2725 1231 2800 apud
1243 2747 1291 2782 cet

225 2817 352 2857 mouente
370 2805 492 2870 (trevio,
508 2809 564 2860 scil.
580 2807 738 2879 navigandi,
780 2808 1291 2879 etproetores,lir.XXX111,32,3.m.

225 2883 249 2935 si
273 2883 345 2934 nulla
368 2885 443 2937 nevis
463 2899 530 2938 esset
552 2899 641 2958 parata
662 2899 689 2950 et
710 2887 739 2938 in
816 2888 842 2939 8.
856 2888 1006 2958 degreditur.
1026 2885 1096 2939 Edd.
1115 2887 1197 2958 antiq.
1211 2887 1291 2959 quiu—

226 2972 343 3032 promtu.
780 2983 833 3036 que
845 2970 974 3019 revertitur.
989 2997 1024 3006 -
1040 2965 1211 3037 Trepldumque
1226 2983 1293 3016 urui-

263 3039 289 3091 ⁵.
307 3043 457 3092 Servorum...
478 3041 590 3110 augebat.
608 3040 659 3094 Cui
679 3042 740 3114 qui-
781 3048 847 3096 tr'uru.
862 3045 923 3098 Scil.
938 3065 993 3118 quo
1004 3044 1035 3097 fit
1047 3041 1186 3116 trepidatio
1198 3055 1225 3095 et
1239 3055 1293 3096 ter·

227 3116 289 3171 dem
299 3117 338 3170 rei
352 3115 509 3172 contradicit
520 3121 578 3172 Liv.
590 3118 686 3185 XXX,
696 3121 739 3192 37,
781 3142 836 3176 ror.
844 3125 981 3189 Quantum
991 3134 1077 3176 autem
1089 3134 1217 3174 terrorem
1228 3123 1294 3194 inje-

228 3197 261 3264 3,
274 3197 319 3250 ubi
334 3198 403 3250 iuter
415 3197 487 3269 pacis
498 3198 570 3269 leges
583 3211 609 3251 et
619 3199 687 3252 hanc
697 3219 739 3252 re·
781 3203 847 3255 cerit
861 3203 985 3256 Romanis
1002 3201 1148 3265 Hannibal,
1164 3219 1220 3252 uon
1235 3219 1292 3253 me·

227 3277 451 3341 centenarium
462 3276 588 3328 redderem
602 3277 738 3349 perfugas,
781 3281 833 3334 lius
851 3281 942 3352 colligi
962 3293 1063 3352 potest,
1086 3297 1166 3351 quam
1186 3297 1219 3331 ex
1238 3281 1292 3332 Ro·

223 3355 339 3426 sugr'tioos
356 3367 381 3405 et
397 3359 500 3428 captivos
516 3375 597 3408 omues
618 3361 739 3411 Romuur's.
782 3360 866 3412 manis
878 3360 943 3432 ipsis
956 3359 1147 3430 scriptoribus:
1162 3358 1218 3412 eive
1231 3359 1293 3410 Jus-

228 3465 263 3476 -
276 3437 355 3487 Auno
366 3435 446 3488 Urbis
459 3435 518 3489 556.
781 3439 868 3503 tinus,
895 3451 926 3492 ut
947 3456 1044 3509 supra,
1068 3449 1188 3490 matum
1209 3435 1293 3488 tacitis

263 3516 289 3565 6.
305 3514 437 3566 Coruulem.
450 3512 514 3567 vid.
533 3526 589 3570 not.
607 3512 640 3566 ad
658 3515 738 3569 Corn.
781 3517 909 3570 mandatis
921 3516 1293 3588 Serviliupraecipieutcmre·

227 3589 371 3662 xxlll‚7,
382 3599 407 3654 4.
416 3623 448 3633 -
457 3592 569 3659 &effetea
582 3592 617 3646 Hi
630 3591 740 3664 quidem
781 3596 860 3663 t'em,
872 3599 894 3648 εἰ
899 3607 994 3668 posset,
1007 3615 1059 3647 eum
1067 3613 1117 3666 per
1129 3595 1227 3646 mulos
1242 3598 1294 3664 ιῘω

227 3679 259 3720 ut
274 3671 328 3740 jam
349 3687 429 3740 supra
447 3669 581 3736 diximus,
601 3671 739 3743 Carthagi·
782 3673 1045 3748 iumentumque
1052 3676 1294 3726 murmuretur-

228 3744 363 3800 uieusibuo
379 3761 469 3813 erunt,
483 3751 530 3821 qui
548 3752 637 3803 Rome
651 3769 740 3802 cousu-
782 3755 954 3827 dempopaleou
962 3761 1095 3806 Romnum
1104 3751 1295 3805 dbmrettsive

228 3823 271 3874 les.
283 3822 346 3876 Erat
359 3837 386 3878 et
403 3827 474 3900 apud
487 3828 546 3881 illos
560 3829 684 3880 dt'ctatoris
694 3825 742 3882 im'·
782 3834 875 3887 livius
886 3833 1016 3887 Perollam
1029 3831 1138 3885 iuducet
1147 3832 1191 3884 his
1207 3830 1295 3884 verbis

229 3901 333 3973 perium
353 3905 426 3970 (Lir.
449 3907 565 3973 xxm,
587 3909 633 3974 13,
652 3913 697 3978 a),
714 3921 742 3962 et
782 3911 967 3965 dehortantem
987 3912 1072 3964 lilium
1092 3909 1125 3962 ab
1147 3907 1295 3962 occidendo

229 3991 372 4053 quaestorum
389 3981 512 4054 dignitas.
527 3987 698 4042 Habebuntur
711 3989 742 4040 hi
783 3990 930 4042 Hannibale
942 3990 1013 4043 iuter
1024 3988 1167 4060 hospitales
1176 4003 1295 4041 meum:

229 4059 345 4130 proximi
364 4095 368 4104 ·
373 4062 498 4130 judicibus
510 4103 518 4128 ,
549 4063 621 4117 idem
650 4067 742 4122 lu‘rius
786 4068 882 4120 rutum
894 4071 968 4140 psius
977 4067 1117 4129 Annibalis,
1130 4083 1200 4137 quere
1209 4068 1298 4116 armti

229 4133 373 4204 xxxlll,
389 4139 438 4206 32,
454 4147 478 4204 4.
490 4142 586 4196 Iudices
597 4157 672 4200 erant
682 4163 742 4200 cen·
783 4150 900 4199 exercitu
908 4151 1022 4200 suetinere
1028 4157 1154 4218 nequeunt,
1164 4163 1233 4216 quem
1241 4143 1298 4194 lior*
