2967 4684
363 403 749 474 HISTORIARUM
774 403 931 472 LIBER
957 405 1105 471 XXXI.
1197 398 1267 486 415

202 524 349 594 Graeciae
369 526 529 595 civitates
549 537 797 620 occupaverat.
813 525 926 618 Igitur
944 530 1108 614 senatus,
1123 549 1171 595 ne
1191 539 1300 596 unofi

198 649 364 731 tempore
388 633 524 732 duplici
549 631 647 704 bello
670 638 841 704 Romanae
863 635 959 704 vires
985 634 1268 724 distinerentur,

197 745 341 844 scripsit
351 745 575 832 Flaminino,
587 774 605 810 a
619 745 648 814 si
661 746 695 814 ei
706 743 879 831 videatur,
895 747 999 816 sicuti
1013 747 1267 818 Macedoniam

197 879 218 925 a
233 855 419 955 Philippo,
432 857 481 927 ita
501 857 677 928 Graeciam
696 881 716 926 a
733 853 875 926 Nabide
890 853 1059 928 liberet.»
1077 857 1136 929 Ob
1158 883 1268 956 quam

197 989 359 1040 caussam
371 970 564 1066 imperium
577 969 609 1037 ei
622 980 858 1065 prorogatum
870 979 932 1036 est
943 967 1118 1040 Terribile
1131 970 1267 1069 quippe
1281 991 1297 1043 7

195 1077 368 1150 Antiochi
393 1076 529 1149 bellum
557 1075 771 1148 Hannibalis
794 1100 933 1147 nornen
961 1075 1135 1168 faciebat,
1156 1105 1267 1178 quem

93 1253 95 1257 ,
196 1189 313 1262 aemuli
328 1191 426 1286 ejus,
442 1189 596 1260 occultis
613 1187 814 1269 mandatu,
829 1217 846 1254 a
861 1211 945 1258 cum
958 1188 1143 1260 Antiocho
1158 1193 1267 1264 inisse

98 1380 102 1387 ‚
196 1293 451 1385 societatemn>
468 1299 565 1398 apud
585 1305 772 1370 Romanos
794 1295 1110 1368 criminabantur:
1132 1310 1297 1396 nagan-8

195 1425 265 1501 tes,
279 1444 297 1478 «
309 1411 395 1484 eum
413 1435 518 1509 aquo
537 1411 662 1481 animo
680 1407 749 1481 sub
769 1407 907 1506 legibus
923 1408 1063 1496 vivere,
1077 1407 1266 1480 adsuetum

194 1522 363 1621 imperio,
377 1537 415 1593 et
432 1521 669 1592 immoderata
686 1519 833 1590 licentia
850 1517 1018 1606 militari;
1034 1542 1265 1616 semperque,

194 1631 300 1705 tedio
318 1635 449 1732 quietis
466 1631 635 1720 urbanae,
651 1656 768 1703 novas
784 1629 870 1702 belli
890 1653 1032 1702 caussas
1053 1632 1265 1730 circumspi-

194 1763 316 1812 cere.»
328 1745 416 1833 Quae
430 1744 495 1814 etsi
511 1739 601 1814 salsa
617 1745 784 1814 nuntiata
801 1739 972 1829 fuissent,
984 1741 1082 1841 apud
1096 1743 1295 1818 timentess

191 1865 314 1924 tamen
334 1878 403 1952 pro
420 1856 514 1924 veris
534 1853 775 1925 habebantur.

199 2032 204 2041 ,
239 1969 283 2035 Π.
298 1967 468 2063 Denique
483 1980 630 2037 senatus
642 1979 742 2036 metu
754 1962 957 2062 perculsus,
967 1961 1012 2035 ad
1022 1963 1263 2062 speculandos
1277 1995 1289 2029 1

191 2091 293 2148 actus
315 2077 551 2162 Hannibalis,
567 2077 723 2174 legatum
742 2077 782 2146 in
800 2073 957 2149 Africam
977 2080 1127 2146 Cnaeum
1150 2076 1263 2146 Servi-

190 2185 280 2257 Iium
297 2190 432 2258 mittit:
451 2191 556 2284 eique
573 2189 689 2260 tacitis
707 2185 887 2256 mandatis
906 2187 1085 2284 praecipit,
1101 2214 1118 2249 a
1132 2187 1161 2254 si
1179 2209 1263 2282 pos·

192 2309 262 2381 set,
276 2319 360 2365 eum
375 2321 441 2392 per
454 2297 602 2367 aemtdos
617 2298 694 2390 ejus
708 2293 949 2382 interficeret,
964 2309 1138 2391 metuque
1155 2296 1261 2366 invisi

191 2406 353 2475 nominis
372 2405 519 2476 tandem
538 2405 715 2506 populum
736 2411 946 2477 Romanum
965 2403 1173 2476 liberaret.»
1192 2405 1290 2476 Seda

190 2540 248 2586 res
261 2515 505 2586 Hannibalem
519 2542 598 2587 non
610 2515 672 2587 diu
684 2515 806 2604 latuit,
816 2517 935 2587 virum
946 2514 990 2586 ad
1006 2516 1261 2615 prospicienda

191 2625 425 2724 cavendaque
440 2626 601 2724 pericula
616 2642 801 2727 paratum
814 2651 883 2704 nec
898 2629 1020 2698 minus
1037 2629 1075 2697 in
1093 2627 1261 2700 secundis
1374 2713 1378 2734 Ι

190 2737 356 2826 adversa,
370 2764 479 2836 quarn
495 2742 535 2810 in
555 2739 715 2811 adversis
729 2737 889 2810 secunda
904 2741 1133 2836 cogitantem.
1147 2743 1260 2837 Igitur
1273 2760 1290 2814 3

191 2876 305 2949 quum
317 2865 394 2924 tota
406 2851 465 2922 die
481 2854 520 2922 in
531 2851 647 2925 oculis
660 2853 887 2952 principum,
901 2849 1079 2948 legatique
1089 2853 1260 2938 Romani,

224 3015 252 3064 6.
265 3018 426 3080 Promptum
437 3023 481 3064 est.
491 3013 524 3064 Iu
533 3031 633 3066 mum
644 3013 706 3084 557,
746 3009 789 3064 cui
799 3029 853 3062 non
863 3009 988 3064 convenit
996 3029 1079 3082 praep.
1089 3008 1259 3066 ‹td-Nec...

190 3089 250 3142 Ia'r.
265 3087 470 3154 xxxl11,43,
483 3092 510 3142 6.
745 3092 897 3158 cogitantem.
912 3089 997 3141 Instar
1010 3087 1149 3159 sapientis,
1163 3093 1205 3162 qui
1216 3111 1258 3143 co·

225 3186 252 3237 7.
265 3167 364 3220 &ult
378 3167 504 3237 inprimis
519 3165 703 3232 Hammon·
742 3171 808 3237 girat
827 3165 986 3236 difficillius,
1007 3167 1077 3232 sert,
1106 3187 1260 3242 quecumque

189 3245 284 3318 nisque
297 3245 453 3298 Hannon-um
466 3263 540 3317 gens.
553 3247 631 3299 Conf.
640 3265 668 3300 v.
678 3265 703 3300 c.
745 3257 828 3309 erunt,
840 3256 870 3298 ut
879 3246 915 3298 ait
927 3246 983 3299 Cic.
995 3243 1029 3297 ad
1039 3243 1095 3300 div.
1107 3247 1164 3312 IX,
1177 3266 1217 3318 17,
1228 3251 1259 3312 ὃς

189 3323 249 3377 Ltr.
264 3324 347 3389 XXI,
361 3324 377 3377 3
390 3335 417 3376 at
432 3343 464 3392 93
480 3323 596 3390 XXIII,
613 3325 654 3378 13.
668 3355 703 3366 -
744 3336 771 3378 et
784 3327 981 3391 Romanorum,
994 3328 1036 3398 qm'
1048 3329 1073 3378 in
1086 3326 1191 3378 adversis
1203 3328 1259 3378 vu!-

188 3404 268 3456 Anno
281 3402 363 3456 Urbis
377 3403 438 3472 557.
743 3413 793 3455 tam
806 3403 917 3456 secunda·
929 3403 1039 3468 sottum
1049 3416 1152 3473 garant,
1173 3405 1258 3456 moda-

223 3499 249 3551 9.
263 3481 340 3554 Apud
350 3484 458 3534 timentes
473 3493 552 3534 tamen
566 3500 615 3553 pro
627 3484 702 3534 aab.
743 3495 830 3533 rantur
841 3485 933 3533 animos
944 3485 968 3533 ia
978 3481 1090 3533 secundis
1095 3521 1103 3545 ,
1114 3493 1144 3534 ut
1153 3482 1189 3534 ait
1200 3482 1258 3536 Lir.

188 3561 281 3615 Senec-
303 3560 337 3614 de
358 3562 401 3614 Ira
420 3561 466 3627 11,
488 3567 617 3629 22:011oe
637 3564 704 3615 motai
743 3557 953 3626 mnsam,
967 3559 1026 3614 coll.
1039 3559 1109 3612 inira
1120 3577 1179 3630 cap.
1191 3560 1257 3625 8‚8;

188 3639 307 3705 audianus,
319 3638 421 3692 libenter
429 3639 554 3692 andana
568 3658 615 3694 m.
745 3649 771 3691 et
783 3637 842 3692 Liv.
857 3637 942 3702 XLV,
954 3641 985 3704 8,
999 3641 1024 3689 6.

222 3716 263 3771 11.
276 3738 300 3772 ι.
309 3721 419 3791 Deniqm
426 3730 523 3770 amatu
530 3731 580 3771 etc.
590 3715 703 3771 (Xandio
779 3717 804 3770 3.
823 3718 967 3787 Principum.
985 3715 1018 3767 Id
1032 3727 1085 3780 est,
1098 3733 1257 3786 procerum,

188 3809 216 3850 et
226 3797 308 3850 Furio
318 3815 400 3862 com,
409 3810 440 3850 ut
450 3798 487 3850 ait
495 3797 577 3851 Com.
585 3796 700 3863 XXIII,
742 3807 903 3848 aenatorum.
916 3811 961 3848 m.
971 3825 1005 3835 --
1016 3799 1161 3866 Supremam.
1171 3796 1257 3848 Gran.

188 3892 221 3944 7,
233 3876 263 3940 6,
275 3873 305 3926 id
317 3887 374 3941 cat,
388 3878 422 3928 Α.
435 3877 470 3930 U.
485 3877 551 3941 556;
564 3875 625 3928 coll.
640 3875 701 3929 Liv.
741 3893 807 3928 avus
816 3873 1001 3926 axCeuaorino
1011 3873 1105 3944 reponi
1116 3873 1173 3928 vult
1183 3877 1208 3925 ia
1217 3894 1258 3926 su·

188 3949 332 4017 XXXIII,
355 3955 407 4019 at,
428 3960 462 4024 47
484 3964 511 4006 ct
531 3955 574 4017 158.
593 3985 628 3993 —
648 3953 701 4006 Pro
735 3973 844 4024 premam
856 3951 1122 4023 (dieihorum);coll.
1135 3951 1256 4006 Van-ndo

191 4033 383 4084 emmonem
392 4033 478 4086 Paria.
493 4051 527 4086 ex
536 4033 595 4088 Lir.
608 4034 700 4085 caan
741 4033 821 4104 Ling.
834 4035 891 4086 Lat.
905 4032 957 4098 IV,
973 4050 983 4085 1
999 4037 1130 4104 :Suprema
1142 4049 1256 4086 amman

189 4109 308 4162 -Anuo
320 4108 402 4164 Urbis
414 4113 476 4166 556.
742 4111 792 4164 diei
812 4131 821 4164 .·
845 4112 890 4164 hoc
905 4123 994 4184 tempus
1014 4111 1140 4164 duodecim
1159 4111 1257 4162 Tabula

225 4191 699 4265 a.Pmtun.Edd.fiantiq.peritm,
741 4190 828 4245 dicunt
848 4209 958 4244 occasum
982 4190 1048 4244 solis.
1069 4219 1104 4232 ·-
1126 4189 1256 4242 vrbanam.
