2967 4684
236 339 304 409 262
579 366 580 371 ¹
613 376 617 389 ·
659 339 869 409 JUSTINI

234 566 1290 593 WMRWWMMWWMWMU

541 748 776 851 LIBER
816 749 988 851 XIII.

211 1178 262 1244 11.
286 1146 495 1246 Exsrmcro
504 1172 542 1241 in
553 1172 632 1269 ipso
642 1171 752 1239 aetatis
763 1194 804 1241 ac
813 1172 1043 1243 victoriarum
1052 1172 1142 1243 flore
1152 1172 1297 1245 Alexan·

237 1286 304 1356 dro
325 1289 475 1381 Magno,
496 1286 596 1354 triste
619 1280 714 1379 apud
736 1304 865 1350 omnes
887 1296 963 1353 tota
985 1282 1168 1380 Babylone
1188 1282 1297 1353 silen-

211 1419 224 1453 2
237 1399 327 1467 tium
343 1393 420 1465 suit.
432 1394 501 1465 Sed
514 1418 583 1463 nec
597 1391 742 1464 devietae
757 1404 881 1485 gentes
894 1390 1004 1462 fidem
1016 1394 1148 1463 nuntio
1161 1391 1298 1464 hahue-

236 1521 343 1593 runt,
361 1502 460 1602 quod
480 1516 519 1573 ut
536 1502 711 1572 invictum
729 1526 870 1597 regem,
890 1502 939 1572 ita
961 1497 1200 1574 immortalem
1221 1528 1298 1575 csse

210 1615 489 1713 3crediderant3
527 1612 780 1698 recordantes,
810 1614 950 1709 quoties
980 1617 1149 1713 praesenti
1181 1629 1298 1686 morte

238 1739 384 1823 ereptus
399 1738 508 1812 esset,
523 1748 631 1820 quam
647 1746 740 1821 saepe
757 1745 825 1820 pro
843 1726 989 1813 amisso,
1003 1739 1153 1823 repente
1167 1749 1205 1797 se
1220 1749 1299 1795 non

240 1837 409 1933 sospitem
437 1848 576 1904 tantum
602 1834 693 1921 suis,
713 1857 839 1904 verum
863 1835 969 1904 etiam
992 1838 1166 1906 victorem
1193 1833 1299 1906 obtu-

212 1946 345 2018 disset.
359 1950 408 2016 Ut
421 1971 508 2016 vero
522 1946 648 2017 mortis
662 1946 737 2042 ejus
752 1942 841 2015 fides
855 1942 984 2035 adfuit,
999 1970 1125 2016 omnes
1138 1944 1299 2016 harbarae

241 2072 385 2153 gentes,
406 2056 527 2153 paullo
551 2072 634 2127 ante
657 2054 702 2126 ah
726 2080 770 2126 eo
793 2055 961 2146 devictae,
980 2082 1056 2128 non
1078 2072 1119 2129 ut
1138 2056 1300 2143 hostem,

213 2167 306 2240 ⁵sed
320 2184 361 2239 ut
378 2184 564 2266 parentem
581 2169 763 2239 luxerunt.
780 2172 897 2240 Mater
913 2193 1061 2268 quoque
1077 2170 1177 2240 Darii
1192 2168 1300 2265 regis,

243 2302 372 2375 quarn,
389 2280 518 2349 amisso
535 2276 628 2363 filio,
644 2304 663 2349 a
678 2277 817 2377 fastigio
832 2294 940 2350 tantae
954 2282 1145 2375 majestatis
1162 2283 1201 2349 in
1219 2302 1301 2377 cap·

242 2392 417 2461 tivitatem
432 2388 632 2477 redactam,
646 2390 869 2487 indulgentia
882 2392 1046 2480 victoris,
1059 2392 1097 2460 in
1114 2414 1192 2461 eam
1208 2389 1303 2459 diem

242 2504 323 2571 vitae
346 2527 424 2573 non
442 2504 680 2600 poenituerat,
701 2500 821 2571 audita
840 2516 956 2572 morte
977 2499 1188 2586 Aiexandri,
1207 2523 1303 2568 mor-

215 2626 317 2681 stem
339 2611 407 2683 sihi
429 2614 505 2709 ipsa
526 2614 720 2700 conscivit3
739 2636 816 2681 non
835 2611 934 2708 quod
952 2610 1093 2681 hostem
1114 2606 1191 2679 filio
1213 2633 1302 2704 prae-

245 2718 370 2807 ferret,
387 2720 449 2791 sed
467 2722 569 2819 quod
582 2724 751 2820 pietatem
771 2719 834 2789 filii
853 2723 889 2789 in
907 2745 969 2807 eo,
983 2744 1090 2817 quem
1105 2733 1146 2789 ut
1160 2718 1303 2792 hostem

215 2849 233 2902 7
247 2830 427 2918 timuerat,
437 2847 691 2928 experta-esset.
704 2838 839 2903 Contra
850 2830 1067 2902 Macedones
1079 2828 1194 2929 [versa
1202 2826 1304 2927 vice],
1405 2820 1412 2839 '

245 2962 324 3007 non
344 2952 385 3009 ut
405 2941 539 3029 civem,
557 2967 598 3013 ac
619 2956 725 3014 tantae
749 2942 941 3037 majestatis
963 2966 1105 3039 regem,
1119 2965 1245 3011 verum
1263 2954 1306 3011 ut

246 3047 388 3119 hostem
405 3053 573 3123 amissum
591 3052 821 3151 gaudebpnt:
843 3055 1068 3123 severitatem
1085 3052 1254 3139 nimiam,
1270 3064 1306 3121 et

219 3157 393 3231 eadsidua
419 3160 504 3232 belli
531 3163 689 3261 pericula
719 3177 955 3235 exsecrantes.
983 3169 1062 3234 Huc
1091 3160 1306 3249 accedebat,

282 3331 306 3383 Ι.
319 3351 342 3385 1.
352 3338 478 3385 Exstincto
484 3338 536 3387 in...
537 3336 613 3404 flore.
623 3338 688 3387 Duae
696 3348 757 3387 sunt
795 3355 865 3387 ‘verse
877 3337 920 3388 des
930 3339 1037 3388 tarmes?
1048 3338 1222 3409 Montesquieu.
1237 3360 1248 3381 ι
1260 3352 1305 3387 ιο.

249 3409 358 3463 diverse
368 3414 533 3484 metaphora,
540 3415 636 3485 abigni
642 3428 668 3466 et
675 3414 757 3465 herba
832 3416 857 3466 5.
870 3422 976 3467 Mater...
991 3418 1068 3466 Darii.
1081 3412 1192 3482 Respice
1202 3412 1258 3477 XI,
1271 3429 1305 3479 p,

249 3490 359 3543 florente
372 3489 504 3543 desumto.
800 3510 848 3557 η,
861 3506 888 3545 et
900 3493 971 3545 cons.
992 3491 1103 3545 Diodor.
1122 3490 1222 3556 xvn,
1240 3492 1307 3556 1183

286 3569 311 3622 3.
326 3574 410 3621 Morte.
422 3574 496 3621 Morti
506 3568 568 3622 edd.
580 3572 692 3643 antique
703 3588 758 3622 non
799 3572 872 3623 Curt.
885 3571 926 3633 X,
940 3572 973 3633 5,
988 3571 1031 3636 39.

251 3647 337 3699 minus
349 3649 425 3701 bene.
834 3668 859 3718 7.
875 3656 950 3699 Versa
968 3652 1030 3699 vice.
1052 3648 1114 3699 Hoc
1131 3641 1212 3700 verba
1232 3646 1308 3698 uncis

272 3742 274 3747 ·
288 3732 312 3785 4.
326 3732 358 3775 Ut
369 3746 428 3777 vero
442 3730 523 3779 mortis
536 3730 616 3796 ejus...
632 3739 660 3778 ut
668 3746 759 3797 paren·
799 3726 1038 3797 inclusimus,quia
1045 3725 1165 3797 pluribus
1178 3725 1309 3777 habentur

252 3816 297 3853 tem
310 3804 429 3857 luxerunt.
443 3808 586 3873 uQu'est-oe
597 3826 642 3877 quc
658 3826 685 3857 ce
698 3824 758 3857 con·
800 3806 934 3874 glossema.
941 3822 1028 3857 πη-
1037 3807 1162 3856 Amissum.
1172 3803 1309 3856 Editiones

252 3886 368 3953 quatiant,
388 3888 429 3955 qui
447 3896 483 3935 est
495 3886 576 3955 ploiat
599 3886 629 3935 de
652 3896 704 3935 tous
724 3887 760 3937 les
799 3883 879 3955 andq.
892 3883 1309 3935 amtorem-Severitatemttes-

246 3961 344 4030 periples
360 3962 422 4031 qo'il
435 3981 450 4011 a
467 3966 572 4013 sonmo?
587 3964 702 4034 qe'estee
714 3982 760 4036 qne
798 3961 858 4031 pice
870 3961 937 4027 XII,
950 3968 995 4025 14,
1007 3968 1036 4025 4ς
1049 3960 1118 4025 xll,
1133 3978 1178 4022 ro,
1190 3962 1221 4023 ὃς
1235 3958 1308 4023 xtt,

252 4048 290 4089 cet
311 4051 462 4109 usurparem,
486 4060 528 4091 sur
548 4041 573 4091 Ia
592 4052 654 4092 mort
672 4043 763 4115 doque!
802 4038 1307 4109 11‚8.-Adsiduabellipericula.lies·

252 4118 277 4197 lo
291 4117 384 4183 samdle
399 4119 461 4191 qu'il
476 4136 491 4167 a
507 4124 625 4171 renverse'e
644 4122 677 4173 du
693 4128 760 4173 trdne
801 4124 859 4195 pice
871 4122 942 4187 x11,
953 4124 983 4187 8,
999 4142 1040 4175 ιο.
