2967 4684
140 270 324 375 ¹eoa-¹
494 364 497 371 .
645 302 857 375 ausuum

175 456 205 493 11
220 426 410 525 dignetur,
436 427 594 499 aestimat.
621 431 767 500 Secreto
796 430 904 525 igitur
934 423 1065 499 auditis
1092 427 1282 525 utriusque

218 536 475 635 legationibus,
489 536 546 608 his
562 541 705 612 veniam
722 538 808 611 belli
826 538 1031 636 pollicetur,
1044 536 1282 632 jurejurando

220 649 373 737 adactis,
392 673 606 748 responsum
631 649 769 723 nemini
794 648 1019 748 prodituros3
1045 646 1114 717 illis
1136 660 1284 735 contra,

219 776 413 836 venturum
439 786 495 849 sc,
519 759 763 859 auxiliumque
786 758 954 831 laturum
980 762 1164 855 Utrosque
1186 770 1284 828 vetat

175 897 206 933 n
220 896 345 971 parare
361 870 514 959 bellum,
529 886 590 944 aut
601 886 772 944 metuere.
786 872 861 956 Sic,
871 873 1006 943 variato
1018 891 1216 965 responso,
1227 890 1282 939 se·
1306 887 1310 895 ’

221 984 317 1053 curis
337 980 508 1054 omnibus
523 978 848 1082 Thermopylarum
864 982 1046 1077 angristias
1063 992 1227 1076 occupat

191 1120 205 1155 1
267 1094 305 1163 V.
326 1094 429 1162 'Iunc
446 1093 604 1191 primum
622 1090 828 1165 Phocenses
845 1106 969 1191 captos
987 1116 1024 1162 se
1049 1087 1173 1161 fraude
1198 1088 1282 1159 Phi·

217 1198 307 1300 lippi
333 1201 681 1291 animadvertentes,
703 1203 835 1301 trepidi
860 1203 906 1273 ad
930 1227 1029 1273 arma
1053 1199 1283 1295 confugiunt.
1399 1242 1402 1245 ·

189 1342 204 1376 2
219 1310 287 1383 Sed
305 1337 425 1411 neque
444 1316 598 1410 spatium
615 1328 691 1384 erat
707 1312 913 1385 instruendi
928 1310 1035 1398 belli,
1050 1334 1119 1378 nec
1137 1324 1282 1406 tempus

217 1420 263 1493 ad
279 1421 529 1494 contrahenda
547 1422 695 1512 auxilia3
713 1439 750 1494 et
766 1422 954 1518 Philippus
970 1419 1151 1491 excidium
1165 1421 1281 1491 mina·

189 1545 205 1599 3
218 1530 342 1619 battu,
356 1535 394 1602 ni
414 1532 517 1604 fieret
534 1533 679 1603 deditio.
694 1534 786 1602 Victi
804 1532 913 1625 igitur
932 1532 1161 1616 necessitate,
1176 1545 1283 1627 pacta

188 1664 205 1719 t
218 1640 348 1729 salute,
364 1665 402 1712 se
418 1639 645 1709 dediderunt.
661 1636 728 1709 Sed
745 1640 865 1737 pactio
885 1640 963 1734 ejus
977 1637 1063 1710 fidei
1079 1637 1163 1726 fuit,
1179 1640 1281 1736 cujus

189 1768 204 1819 5
218 1764 324 1825 antea
339 1745 455 1821 iuerat
469 1748 650 1847 deprecati
662 1747 747 1820 belli
759 1750 1082 1847 promissiolgitur
1092 1750 1281 1823 caeduntur

217 1859 370 1956 passim,
393 1858 681 1956 rapianturque3
707 1884 786 1929 non
812 1858 916 1931 liberi
944 1860 1175 1960 parentibus,
1202 1887 1280 1933 nou

220 1970 391 2067 conjuges
407 1970 560 2055 maritis,
577 1994 654 2041 non
674 1969 826 2041 deorum
845 1970 1034 2045 simulacra
1050 1972 1300 2072 templissuis

190 2079 489 2177 orelinquuntur.
515 2084 640 2151 Unmn
666 2096 810 2152 tantum
836 2067 975 2153 miseris
1003 2082 1168 2155 solatium
1193 2081 1280 2172 suit,

220 2190 339 2289 quod,
360 2215 473 2287 quum
495 2190 681 2289 Philippus
701 2193 871 2291 portione
894 2192 1022 2291 praedae
1046 2196 1165 2266 socios
1185 2192 1282 2266 frau-

220 2301 353 2389 dasset,
372 2302 465 2375 nibil
487 2326 608 2374 rerum
630 2328 776 2376 suarum
798 2300 897 2400 apud
916 2304 1084 2375 inimicos
1102 2303 1281 2377 viderunt.

190 2418 396 2487 7Reversus
426 2415 465 2483 in
494 2438 669 2511 regnum,
694 2428 734 2488 ut
760 2438 894 2512 pecora
922 2429 1082 2514 pastores
1111 2440 1213 2489 nunc
1242 2419 1282 2489 in

218 2522 424 2621 hybernos,
448 2548 549 2595 nunc
574 2526 614 2597 in
641 2526 782 2598 aestivos
803 2524 913 2597 saltus
934 2528 1135 2624 trajiciunt,
1152 2529 1204 2597 sic
1222 2525 1285 2599 illa.

219 2633 374 2733 populos
399 2647 434 2703 et
459 2633 589 2723 urbes,
608 2651 650 2707 ut
674 2636 724 2706 illi
746 2634 803 2706 vel
829 2635 1018 2733 replenda,
1042 2636 1099 2707 vel
1123 2635 1280 2706 derelir·

158 2752 164 2761 '
221 2742 365 2841 quenda
384 2768 537 2841 quaeque
556 2744 636 2819 loca
653 2745 883 2834 videbantur,
900 2745 947 2816 ad
966 2744 1154 2817 libidinem
1178 2772 1281 2821 suam

192 2849 401 2925 atransfert.
421 2855 625 2927 Miseranda
643 2856 780 2959 ubique
801 2855 927 2947 iacies,
945 2872 982 2930 et
999 2856 1139 2933 excidio
1157 2858 1283 2932 similis

257 3077 299 3112 tt.
321 3062 373 3113 Hit.
390 3062 431 3113 De
444 3062 540 3137 quibus
554 3064 645 3118 confer
659 3066 683 3135 5.
697 3066 728 3133 63
770 3083 862 3117 omnes
871 3065 1049 3123 Phocenaium
1055 3068 1165 3133 marles,
1172 3081 1199 3123 et
1205 3081 1282 3141 quot-

221 3138 283 3202 illia,
297 3136 437 3210 dequibus
451 3142 576 3211 coniers.
592 3148 617 3206 4.
771 3158 837 3216 quot
857 3147 986 3218 sacrilegii
1007 3148 1106 3201 luerint
1125 3148 1282 3219 participes,

256 3235 297 3269 12.
313 3246 347 3257 -
360 3219 439 3270 Anno
452 3220 531 3271 Urbis
546 3222 605 3282 dod.
770 3222 916 3293 bpbeantm
928 3227 1086 3297 piaculares,
1097 3243 1164 3298 quos
1174 3244 1208 3279 ex
1217 3244 1282 3296 quo·

254 3290 329 3350 V.'3.
345 3302 373 3347 Se
388 3296 539 3350 dediderunt.
555 3298 631 3351 Coui.
648 3298 728 3355 Diod.
770 3301 811 3352 vir
832 3301 893 3354 loco
916 3302 1048 3358 retrabere
1074 3302 1158 3355 cuivis
1181 3303 1281 3369 liceat,

219 3374 305 3440 xvi,
322 3373 422 3443 59·60;
437 3377 498 3428 coll.
514 3380 611 3444 61-64,
627 3378 727 3451 olymp.
770 3380 832 3448 equi
849 3379 969 3451 iptorum
986 3378 1146 3443 vendantur,
1160 3397 1230 3433 uma
1246 3378 1282 3433 ad

220 3452 285 3517 108,
301 3452 374 3517 3;a.
389 3455 423 3507 U.
440 3456 499 3517 408.
771 3473 831 3508 saxa
858 3458 1068 3529 confringantur.
1088 3456 1281 3512 nahorrendae

254 3538 279 3595 4.
294 3534 353 3602 Ejus
358 3529 430 3601 fidei.
444 3534 504 3584 Non
519 3533 605 3587 minus
617 3532 727 3605 perlida.
769 3535 868 3589 sevitie
888 3534 1066 3608 descriptione
1088 3537 1180 3589 confer
1201 3555 1281 3609 supra

218 3606 259 3659 Dc
274 3610 357 3680 priori
370 3608 480 3683 perfidia
497 3612 589 3665 confer
605 3630 662 3685 cap.
676 3612 728 3677 lV,
770 3630 827 3685 cap.
843 3614 973 3677 111,1-5.

217 3690 235 3739 s>
252 3700 279 3738 et
298 3707 343 3753 11,
355 3702 382 3741 et
395 3708 451 3763 cap.
468 3690 498 3757 3,
517 3694 571 3742 1-5.
804 3711 829 3761 7.
843 3693 946 3763 Populos
963 3705 987 3745 ee
1004 3692 1082 3746 urbes.
1099 3694 1176 3747 MSS.
1190 3693 1279 3765 plures

253 3766 278 3817 5.
307 3770 445 3837 Rapiuntur.
475 3768 659 3839 Diripiuntur,
685 3770 727 3821 vel
768 3768 1109 3841 babentpoprdosadurbes.
1124 3789 1171 3823 rto.

216 3842 382 3913 abripiuntur
400 3845 428 3895 in
448 3846 610 3899 servitutem.
630 3846 726 3899 Praeter
803 3849 827 3902 8.
849 3848 989 3900 Miseranda
1009 3849 1095 3921 ubique
1111 3848 1207 3914 forks,
1226 3859 1276 3902 etc.

215 3938 304 3991 poenas
319 3921 390 3972 enim
406 3922 584 3977 Phocensibus
597 3924 722 3989 inflictas,
767 3924 845 3977 Coni.
854 3926 912 3981 Lir.
923 3925 948 3991 Ι,
958 3945 1000 3994 29,
1009 3925 1043 3979 de
1052 3926 1159 3977 Albanis
1168 3927 1279 3981 Romam

215 3997 250 4051 ad
261 4016 317 4069 cap.
333 4018 362 4063 a,
375 4007 405 4064 4,
418 4014 644 4068 commemoratas,
661 4005 723 4055 Am·
765 4004 878 4076 migrare
889 4005 968 4077 jussis
983 4026 989 4057 ι
1005 4010 1062 4057 Nou
1076 4003 1170 4078 quidem
1176 4005 1229 4070 suit
1241 4014 1278 4061 tu-

214 4078 389 4155 pliictyouuru
402 4074 509 4131 decreto
521 4080 681 4150 decernitur,
694 4094 724 4135 ut
765 4082 852 4135 multus
863 4084 918 4150 ille,
934 4104 977 4139 aec
985 4104 1075 4159 paror,
1089 4097 1139 4139 etc.
1153 4102 1198 4138 tto.
