2967 4684
236 381 279 462 48
568 368 956 441 PROLEGOMENA

281 515 363 564 nore
377 489 650 582 septemtrionali)
668 487 786 554 cedere
805 490 936 576 cogitur
956 485 1114 566 Eumeni,
1136 483 1295 573 Bithynia·

283 591 455 687 (Pergami)
470 593 540 681 regi
553 593 605 681 (A.
619 593 659 656 U.
676 589 771 677 51⁴2),
785 590 951 676 fratreque
965 589 1002 652 iu
1015 586 1093 675 fuga
1103 587 1297 668 interfecto,

281 702 348 789 ipse
360 717 445 784 equo
461 695 697 784 precipitatus,
713 692 814 756 vitam
828 690 910 756 linit.
924 694 963 755 Α.
978 690 1019 753 U.
1037 686 1129 780 508.-

625 881 741 923 LIBER
764 879 901 924 xxvut.

237 1013 418 1078 (1001-111.
435 1013 474 1076 In'
484 1013 586 1102 Epiro
599 1012 739 1076 moritur
748 1009 931 1100 Olympias,
942 1008 1060 1099 Pyrrhi
1072 1005 1151 1087 filia,
1162 1005 1301 1070 Alexan·

279 1113 332 1178 dri
357 1114 464 1179 fratris
488 1137 589 1197 uxor,
609 1115 675 1195 jam
697 1113 814 1195 vidua,
834 1114 914 1178 orba
933 1112 1031 1177 simul
1055 1111 1185 1175 duobus
1200 1107 1297 1189 filiis,

279 1216 407 1304 Pyrrho
425 1232 457 1281 et
473 1215 649 1281 Ptolemaeo
666 1215 723 1304 (A.
743 1215 783 1278 U.
803 1213 895 1302 535).
916 1213 1089 1278 Laodamia
1109 1211 1298 1290 interfecta,

285 1332 433 1408 superest
452 1317 520 1383 sola
541 1318 629 1407 regia
648 1317 742 1406 virgo
762 1317 895 1399 Nereis,
919 1331 1021 1405 nupta
1042 1313 1179 1393 Geloni,
1194 1311 1300 1376 Siculi

280 1418 495 1510 tyrannifilio
505 1419 705 1485 Macedoniae
712 1431 850 1508 regnum
857 1418 1193 1508 occupathntigouus,
1203 1414 1300 1504 pulso

281 1521 442 1588 Demetrii
457 1520 544 1603 filio,
561 1521 653 1603 cujus
668 1522 805 1588 tutelam
820 1522 963 1610 gerebat.
980 1523 1019 1585 A.
1035 1521 1077 1583 U.
1095 1517 1170 1584 522.

237 1623 314 1688 Cas.
331 1624 389 1686 lV.
406 1623 607 1711 Antigonus,
625 1623 720 1688 victis
741 1622 923 1712 Spartanis,
942 1621 1154 1686 Cleomenem
1177 1618 1300 1682 horum

234 1779 236 1786 .
282 1727 394 1813 regem
420 1727 508 1813 cogit
535 1725 714 1814 confugere
738 1725 780 1788 ad
811 1725 1023 1790 Ptolemoeum
1051 1717 1300 1810 (Euergetes),

282 1823 415 1915 AEgypti
440 1847 567 1914 regem,
590 1849 609 1888 a
632 1826 724 1906 cujus
746 1825 816 1890 filio
839 1843 873 1892 et
893 1844 1078 1889 successore
1102 1819 1301 1885 interficitur

142 1965 151 1974 -
286 1927 338 2016 (Α.
354 1927 393 1991 U.
413 1923 502 2014 532).
514 1927 681 2016 Antigono
692 1925 840 1992 succedit
854 1925 1037 2013 Philippus.
1051 1922 1148 1990 A..U.
1162 1919 1237 1987 533.

652 2098 767 2142 uranu
789 2097 892 2140 xxrx.

241 2231 316 2294 Can.
332 2229 359 2292 1.
373 2227 460 2292 Nori
474 2228 509 2292 in
521 2225 728 2312 Macedonia,
744 2229 853 2319 syria,
869 2228 1092 2319 Cappadocia,
1107 2227 1251 2319 AEgypto
1267 2243 1302 2293 et

285 2333 532 2496 SpaltpoeSpessges,
544 2347 578 2396 et
590 2331 769 2416 Hannibal,
780 2333 1097 2424 Carthaginiensium
1112 2332 1189 2397 dux.
1208 2335 1303 2399 Circa

241 2433 443 2602 Cpit-mv·
464 2481 514 2600 iss
531 2535 583 2599 his
608 2535 779 2625 Philippus
801 2535 962 2618 Macedo,
986 2558 1067 2623 pace
1089 2557 1165 2598 cum
1187 2533 1307 2600 AEtolis

286 2637 483 2724 composita,
498 2636 540 2699 ab
556 2635 746 2722 lllyriorum
762 2658 838 2724 rege
861 2636 1036 2715 excitatus,
1060 2633 1184 2698 bellum
1206 2633 1307 2698 infert

285 2735 450 2800 Romanis.
467 2733 531 2799 Sed
544 2735 636 2798 brevi
649 2735 691 2800 ab
703 2757 743 2801 eo
759 2736 848 2801 bello
864 2735 1042 2801 retrahitur
1053 2735 1123 2800 aliis
1135 2735 1230 2800 bellis
1242 2736 1306 2802 sibi

287 2837 392 2900 illatis.
1180 2831 1188 2840 ’

665 2961 779 3008 mauu
801 2961 883 3005 xxx.

242 3087 319 3155 Car.
339 3087 433 3153 1-111.
447 3087 656 3176 Ptolemoeus,
671 3089 808 3183 AEgypti
817 3115 876 3159 rex
890 3091 1096 3174 luxuriosus,
1110 3113 1307 3181 quamquam

288 3213 355 3255 non
380 3191 492 3257 infelix
515 3209 630 3258 contra
651 3195 853 3261 Antiochum
867 3194 1044 3284 Magnum,
1061 3195 1161 3283 Syriae
1175 3216 1306 3283 regem,

288 3307 376 3358 totus
388 3293 422 3356 in
432 3309 591 3382 potestate
602 3313 807 3381 scortorum,
819 3299 959 3363 moritur
969 3297 1070 3386 (th.
1084 3293 1176 3382 550),
1190 3295 1307 3360 relicto

290 3393 359 3459 filio
375 3395 521 3482 quinque
535 3419 714 3483 annorum,
730 3400 824 3483 cujus
837 3400 941 3471 tutela
959 3399 1112 3464 Romanis
1130 3395 1308 3462 demanda·

290 3513 364 3582 tur,
381 3499 440 3586 qui
455 3515 524 3564 tota
539 3500 664 3568 Graecia
684 3521 800 3569 contra
818 3503 1007 3592 Philippum
1022 3497 1237 3567 Macedonem
1252 3522 1309 3565 ex·

291 3599 403 3683 citata,
419 3623 532 3689 pacem
548 3603 639 3669 hunc
654 3621 769 3693 petere
784 3620 917 3695 cogunt.
935 3609 973 3668 Α.
990 3603 1030 3664 U.
1045 3599 1119 3668 552.

247 3697 323 3764 Can.
338 3702 395 3765 lv.
411 3701 499 3769 Varii
514 3718 609 3770 terrae
624 3724 733 3772 motus
753 3707 957 3799 portendunt
977 3706 1202 3769 Romanorum
1219 3727 1309 3793 mag·

293 3800 489 3869 nitudinem.
506 3806 676 3898 Philippus
688 3833 706 3873 a
719 3810 916 3890 Flaminino,
926 3810 1151 3872 Romanorum
1163 3806 1308 3886 consule,

292 3900 413 3984 vicum,
423 3906 489 3970 sola
501 3907 694 3976 Macedonia
707 3930 880 3978 contentus
889 3933 955 3977 esse
963 3910 1156 3998 jubeturhl.
1168 3911 1206 3974 U.
1218 3907 1308 3996 555).

294 4003 366 4085 Qua
380 4003 422 4070 de
434 4030 470 4072 re
483 4009 557 4075 irati
568 4011 687 4095 AEtoli,
698 4014 923 4081 Romanorum
931 4012 1308 4095 socii,aocietatemcum

294 4106 459 4172 Antiocho
476 4109 597 4200 Magno
614 4115 740 4180 ineunt.
