<?xml version="1.0" encoding="UTF-8"?>
<!DOCTYPE html PUBLIC "-//W3C//DTD XHTML 1.0 Transitional//EN"
    "http://www.w3.org/TR/xhtml1/DTD/xhtml1-transitional.dtd">
<html xmlns="http://www.w3.org/1999/xhtml" xml:lang="en" lang="en">
 <head>
  <title>
</title>
<meta http-equiv="Content-Type" content="text/html;charset=utf-8" />
  <meta name='ocr-system' content='tesseract 3.04.00' />
  <meta name='ocr-capabilities' content='ocr_page ocr_carea ocr_par ocr_line ocrx_word'/>
</head>
<body>
  <div class='ocr_page' id='page_1' title='image "./justinihistoria00lemagoog_0169.png"; bbox 0 0 2967 4684; ppageno 0'>
   <div class='ocr_carea' id='block_1_1' title="bbox 173 334 1304 2213">
    <p class='ocr_par' dir='ltr' id='par_1_1' title="bbox 173 334 1304 2213">
     <span class='ocr_line' id='line_1_1' title="bbox 229 334 1210 421; baseline 0.006 -16"><span class='ocrx_word' id='word_1_1' title='bbox 229 334 296 421; x_wconf 70' lang='lat' dir='ltr'><strong>rit</strong></span> <span class='ocrx_word' id='word_1_2' title='bbox 651 334 859 405; x_wconf 74' lang='lat' dir='ltr'><strong>tuerint</strong></span> <span class='ocrx_word' id='word_1_3' title='bbox 1207 402 1210 411; x_wconf 86' lang='lat'><em>.</em></span> 
     </span>
     <span class='ocr_line' id='line_1_2' title="bbox 226 452 1285 554; baseline -0.002 -25"><span class='ocrx_word' id='word_1_4' title='bbox 226 456 296 529; x_wconf 87' lang='lat' dir='ltr'><strong>sihi</strong></span> <span class='ocrx_word' id='word_1_5' title='bbox 308 452 493 527; x_wconf 80' lang='lat' dir='ltr'><strong>vindicare</strong></span> <span class='ocrx_word' id='word_1_6' title='bbox 506 458 698 553; x_wconf 82' lang='lat' dir='ltr'><strong>potuisset,</strong></span> <span class='ocrx_word' id='word_1_7' title='bbox 710 455 877 529; x_wconf 86' lang='lat' dir='ltr'><strong>Charilao</strong></span> <span class='ocrx_word' id='word_1_8' title='bbox 888 508 899 545; x_wconf 93' lang='lat'><strong>,</strong></span> <span class='ocrx_word' id='word_1_9' title='bbox 911 454 986 527; x_wconf 80' lang='lat' dir='ltr'><strong>filio</strong></span> <span class='ocrx_word' id='word_1_10' title='bbox 999 457 1090 553; x_wconf 83' lang='lat' dir='ltr'><strong>ejus,</strong></span> <span class='ocrx_word' id='word_1_11' title='bbox 1105 459 1166 554; x_wconf 90' lang='lat' dir='ltr'><strong>qui</strong></span> <span class='ocrx_word' id='word_1_12' title='bbox 1180 454 1285 529; x_wconf 78' lang='lat' dir='ltr'><strong>natus</strong></span> 
     </span>
     <span class='ocr_line' id='line_1_3' title="bbox 227 564 1287 668; baseline -0.002 -27"><span class='ocrx_word' id='word_1_13' title='bbox 227 567 444 668; x_wconf 77' lang='lat' dir='ltr'><strong>posthumus</strong></span> <span class='ocrx_word' id='word_1_14' title='bbox 465 564 600 654; x_wconf 81' lang='lat' dir='ltr'><strong>iuerat,</strong></span> <span class='ocrx_word' id='word_1_15' title='bbox 620 590 733 664; x_wconf 89' lang='lat' dir='ltr'><strong>quum</strong></span> <span class='ocrx_word' id='word_1_16' title='bbox 758 568 803 638; x_wconf 89' lang='lat' dir='ltr'><strong>ad</strong></span> <span class='ocrx_word' id='word_1_17' title='bbox 823 582 961 640; x_wconf 86' lang='lat' dir='ltr'><strong>aetatem</strong></span> <span class='ocrx_word' id='word_1_18' title='bbox 985 566 1141 639; x_wconf 85' lang='lat' dir='ltr'><strong>adultam</strong></span> <span class='ocrx_word' id='word_1_19' title='bbox 1163 588 1287 666; x_wconf 75' lang='lat' dir='ltr'><strong>perve-</strong></span> 
     </span>
     <span class='ocr_line' id='line_1_4' title="bbox 200 677 1291 775; baseline -0.004 -22"><span class='ocrx_word' id='word_1_20' title='bbox 200 682 359 763; x_wconf 79' lang='lat' dir='ltr'><strong>snisset,</strong></span> <span class='ocrx_word' id='word_1_21' title='bbox 374 700 530 774; x_wconf 87' lang='lat' dir='ltr'><strong>regnum</strong></span> <span class='ocrx_word' id='word_1_22' title='bbox 547 702 687 750; x_wconf 86' lang='lat' dir='ltr'><strong>summa</strong></span> <span class='ocrx_word' id='word_1_23' title='bbox 705 677 778 750; x_wconf 76' lang='lat' dir='ltr'><strong>fide</strong></span> <span class='ocrx_word' id='word_1_24' title='bbox 799 680 1032 750; x_wconf 64' lang='lat' dir='ltr'><strong>restitutum</strong></span> <span class='ocrx_word' id='word_1_25' title='bbox 1050 678 1291 775; x_wconf 83' lang='lat' dir='ltr'><strong>intelligerent</strong></span> 
     </span>
     <span class='ocr_line' id='line_1_5' title="bbox 231 789 1292 889; baseline -0.001 -27"><span class='ocrx_word' id='word_1_26' title='bbox 231 814 376 875; x_wconf 86' lang='lat' dir='ltr'><strong>omnes,</strong></span> <span class='ocrx_word' id='word_1_27' title='bbox 392 804 532 888; x_wconf 90' lang='lat' dir='ltr'><strong>quanto</strong></span> <span class='ocrx_word' id='word_1_28' title='bbox 550 789 631 887; x_wconf 84' lang='lat' dir='ltr'><strong>plus</strong></span> <span class='ocrx_word' id='word_1_29' title='bbox 650 790 746 889; x_wconf 87' lang='lat' dir='ltr'><strong>apud</strong></span> <span class='ocrx_word' id='word_1_30' title='bbox 767 790 887 875; x_wconf 86' lang='lat' dir='ltr'><strong>bonos</strong></span> <span class='ocrx_word' id='word_1_31' title='bbox 904 792 1044 889; x_wconf 84' lang='lat' dir='ltr'><strong>pietatis</strong></span> <span class='ocrx_word' id='word_1_32' title='bbox 1062 792 1163 888; x_wconf 83' lang='lat' dir='ltr'><strong>jura,</strong></span> <span class='ocrx_word' id='word_1_33' title='bbox 1184 810 1292 889; x_wconf 88' lang='lat' dir='ltr'><strong>quam</strong></span> 
     </span>
     <span class='ocr_line' id='line_1_6' title="bbox 202 898 1292 1002; baseline 0 -32"><span class='ocrx_word' id='word_1_34' title='bbox 202 922 358 989; x_wconf 71' lang='lat' dir='ltr'><strong>qomnes</strong></span> <span class='ocrx_word' id='word_1_35' title='bbox 376 922 484 997; x_wconf 74' lang='lat' dir='ltr'><strong>opes,</strong></span> <span class='ocrx_word' id='word_1_36' title='bbox 497 898 669 971; x_wconf 80' lang='lat' dir='ltr'><strong>valerent.</strong></span> <span class='ocrx_word' id='word_1_37' title='bbox 683 902 806 973; x_wconf 88' lang='lat' dir='ltr'><strong>Medio</strong></span> <span class='ocrx_word' id='word_1_38' title='bbox 825 903 932 1000; x_wconf 87' lang='lat' dir='ltr'><strong>igitur</strong></span> <span class='ocrx_word' id='word_1_39' title='bbox 949 918 1112 1002; x_wconf 84' lang='lat' dir='ltr'><strong>tempore</strong></span> <span class='ocrx_word' id='word_1_40' title='bbox 1131 902 1218 973; x_wconf 89' lang='lat' dir='ltr'><strong>dum</strong></span> <span class='ocrx_word' id='word_1_41' title='bbox 1237 904 1292 971; x_wconf 60' lang='lat' dir='ltr'><strong>ina</strong></span> 
     </span>
     <span class='ocr_line' id='line_1_7' title="bbox 232 1009 1293 1112; baseline -0.001 -30"><span class='ocrx_word' id='word_1_42' title='bbox 232 1009 313 1082; x_wconf 85' lang='lat' dir='ltr'><strong>fans</strong></span> <span class='ocrx_word' id='word_1_43' title='bbox 339 1012 574 1098; x_wconf 77' lang='lat' dir='ltr'><strong>convalescit,</strong></span> <span class='ocrx_word' id='word_1_44' title='bbox 596 1010 817 1112; x_wconf 87' lang='lat' dir='ltr'><strong>tutelamque</strong></span> <span class='ocrx_word' id='word_1_45' title='bbox 842 1015 918 1110; x_wconf 82' lang='lat' dir='ltr'><strong>ejus</strong></span> <span class='ocrx_word' id='word_1_46' title='bbox 946 1013 1190 1100; x_wconf 71' lang='lat' dir='ltr'><strong>administrat,</strong></span> <span class='ocrx_word' id='word_1_47' title='bbox 1215 1034 1293 1081; x_wconf 91' lang='lat' dir='ltr'><strong>non</strong></span> 
     </span>
     <span class='ocr_line' id='line_1_8' title="bbox 232 1120 1296 1223; baseline 0.001 -31"><span class='ocrx_word' id='word_1_48' title='bbox 232 1120 456 1194; x_wconf 84' lang='lat' dir='ltr'><strong>habentibus</strong></span> <span class='ocrx_word' id='word_1_49' title='bbox 476 1127 658 1223; x_wconf 75' lang='lat' dir='ltr'><strong>Spartanis</strong></span> <span class='ocrx_word' id='word_1_50' title='bbox 677 1123 773 1222; x_wconf 87' lang='lat' dir='ltr'><strong>leges</strong></span> <span class='ocrx_word' id='word_1_51' title='bbox 793 1126 966 1213; x_wconf 79' lang='lat' dir='ltr'><strong>instituit,</strong></span> <span class='ocrx_word' id='word_1_52' title='bbox 979 1148 1057 1195; x_wconf 90' lang='lat' dir='ltr'><strong>non</strong></span> <span class='ocrx_word' id='word_1_53' title='bbox 1082 1124 1296 1195; x_wconf 82' lang='lat' dir='ltr'><strong>inventione</strong></span> 
     </span>
     <span class='ocr_line' id='line_1_9' title="bbox 173 1230 1297 1334; baseline -0.002 -31"><span class='ocrx_word' id='word_1_54' title='bbox 173 1316 177 1327; x_wconf 31' lang='grc' dir='ltr'>Ι</span> <span class='ocrx_word' id='word_1_55' title='bbox 205 1240 358 1303; x_wconf 68' lang='lat' dir='ltr'><strong>teanun</strong></span> <span class='ocrx_word' id='word_1_56' title='bbox 379 1236 511 1331; x_wconf 83' lang='lat' dir='ltr'><strong>magis,</strong></span> <span class='ocrx_word' id='word_1_57' title='bbox 530 1258 639 1332; x_wconf 84' lang='lat' dir='ltr'><strong>quam</strong></span> <span class='ocrx_word' id='word_1_58' title='bbox 660 1236 827 1333; x_wconf 82' lang='lat' dir='ltr'><strong>exeruplo</strong></span> <span class='ocrx_word' id='word_1_59' title='bbox 842 1236 981 1307; x_wconf 89' lang='lat' dir='ltr'><strong>clarior.</strong></span> <span class='ocrx_word' id='word_1_60' title='bbox 999 1234 1183 1334; x_wconf 85' lang='lat' dir='ltr'><strong>Siquidem</strong></span> <span class='ocrx_word' id='word_1_61' title='bbox 1203 1230 1297 1303; x_wconf 82' lang='lat' dir='ltr'><strong>nihil</strong></span> 
     </span>
     <span class='ocr_line' id='line_1_10' title="bbox 235 1341 1298 1445; baseline -0.001 -31"><span class='ocrx_word' id='word_1_62' title='bbox 235 1341 313 1439; x_wconf 86' lang='lat' dir='ltr'><strong>lege</strong></span> <span class='ocrx_word' id='word_1_63' title='bbox 327 1342 400 1416; x_wconf 87' lang='lat' dir='ltr'><strong>ulla</strong></span> <span class='ocrx_word' id='word_1_64' title='bbox 416 1345 456 1413; x_wconf 88' lang='lat' dir='ltr'><strong>in</strong></span> <span class='ocrx_word' id='word_1_65' title='bbox 474 1343 563 1415; x_wconf 87' lang='lat' dir='ltr'><strong>alios</strong></span> <span class='ocrx_word' id='word_1_66' title='bbox 577 1348 714 1431; x_wconf 86' lang='lat' dir='ltr'><strong>sanxit,</strong></span> <span class='ocrx_word' id='word_1_67' title='bbox 729 1348 832 1443; x_wconf 88' lang='lat' dir='ltr'><strong>cujus</strong></span> <span class='ocrx_word' id='word_1_68' title='bbox 852 1372 929 1419; x_wconf 92' lang='lat' dir='ltr'><strong>non</strong></span> <span class='ocrx_word' id='word_1_69' title='bbox 949 1348 1025 1445; x_wconf 88' lang='lat' dir='ltr'><strong>ipse</strong></span> <span class='ocrx_word' id='word_1_70' title='bbox 1043 1348 1180 1442; x_wconf 88' lang='lat' dir='ltr'><strong>primus</strong></span> <span class='ocrx_word' id='word_1_71' title='bbox 1198 1346 1236 1413; x_wconf 92' lang='lat' dir='ltr'><strong>in</strong></span> <span class='ocrx_word' id='word_1_72' title='bbox 1259 1366 1298 1414; x_wconf 87' lang='lat' dir='ltr'><strong>se</strong></span> 
     </span>
     <span class='ocr_line' id='line_1_11' title="bbox 208 1451 1300 1553; baseline 0 -30"><span class='ocrx_word' id='word_1_73' title='bbox 208 1451 458 1531; x_wconf 85' lang='lat' dir='ltr'><strong>9docutuenta</strong></span> <span class='ocrx_word' id='word_1_74' title='bbox 480 1452 591 1524; x_wconf 86' lang='lat' dir='ltr'><strong>daret.</strong></span> <span class='ocrx_word' id='word_1_75' title='bbox 611 1454 789 1551; x_wconf 88' lang='lat' dir='ltr'><strong>Populum</strong></span> <span class='ocrx_word' id='word_1_76' title='bbox 814 1458 853 1525; x_wconf 90' lang='lat' dir='ltr'><strong>in</strong></span> <span class='ocrx_word' id='word_1_77' title='bbox 877 1454 1051 1553; x_wconf 88' lang='lat' dir='ltr'><strong>obsequia</strong></span> <span class='ocrx_word' id='word_1_78' title='bbox 1074 1457 1300 1553; x_wconf 77' lang='lat' dir='ltr'><strong>principum,</strong></span> 
     </span>
     <span class='ocr_line' id='line_1_12' title="bbox 192 1563 1300 1663; baseline 0.001 -32"><span class='ocrx_word' id='word_1_79' title='bbox 192 1594 227 1631; x_wconf 86' lang='grc' dir='ltr'><strong>ιο</strong></span> <span class='ocrx_word' id='word_1_80' title='bbox 239 1565 424 1663; x_wconf 84' lang='lat' dir='ltr'><strong>principes</strong></span> <span class='ocrx_word' id='word_1_81' title='bbox 447 1563 494 1637; x_wconf 88' lang='lat' dir='ltr'><strong>ad</strong></span> <span class='ocrx_word' id='word_1_82' title='bbox 517 1564 693 1658; x_wconf 87' lang='lat' dir='ltr'><strong>justitiam·</strong></span> <span class='ocrx_word' id='word_1_83' title='bbox 712 1566 948 1661; x_wconf 89' lang='lat' dir='ltr'><strong>imperiorum</strong></span> <span class='ocrx_word' id='word_1_84' title='bbox 977 1563 1153 1635; x_wconf 86' lang='lat' dir='ltr'><strong>formavit.</strong></span> <span class='ocrx_word' id='word_1_85' title='bbox 1182 1566 1300 1635; x_wconf 86' lang='lat' dir='ltr'><strong>Parci-</strong></span> 
     </span>
     <span class='ocr_line' id='line_1_13' title="bbox 238 1672 1301 1761; baseline -0.001 -18"><span class='ocrx_word' id='word_1_86' title='bbox 238 1676 399 1747; x_wconf 84' lang='lat' dir='ltr'><strong>moniarn</strong></span> <span class='ocrx_word' id='word_1_87' title='bbox 415 1672 588 1743; x_wconf 86' lang='lat' dir='ltr'><strong>omnibus</strong></span> <span class='ocrx_word' id='word_1_88' title='bbox 606 1674 734 1759; x_wconf 82' lang='lat' dir='ltr'><strong>suasit,</strong></span> <span class='ocrx_word' id='word_1_89' title='bbox 748 1675 975 1761; x_wconf 84' lang='lat' dir='ltr'><strong>existimans,</strong></span> <span class='ocrx_word' id='word_1_90' title='bbox 991 1673 1153 1745; x_wconf 89' lang='lat' dir='ltr'><strong>laborem</strong></span> <span class='ocrx_word' id='word_1_91' title='bbox 1169 1672 1301 1743; x_wconf 75' lang='lat' dir='ltr'><strong>militiae</strong></span> 
     </span>
     <span class='ocr_line' id='line_1_14' title="bbox 196 1782 1302 1881; baseline -0.001 -28"><span class='ocrx_word' id='word_1_92' title='bbox 196 1815 225 1853; x_wconf 81' lang='grc' dir='ltr'><strong>ιι</strong></span> <span class='ocrx_word' id='word_1_93' title='bbox 240 1783 389 1855; x_wconf 85' lang='lat' dir='ltr'><strong>adsidua</strong></span> <span class='ocrx_word' id='word_1_94' title='bbox 405 1782 615 1881; x_wconf 79' lang='lat' dir='ltr'><strong>frugalitatis</strong></span> <span class='ocrx_word' id='word_1_95' title='bbox 630 1782 895 1855; x_wconf 87' lang='lat' dir='ltr'><strong>consuetudine</strong></span> <span class='ocrx_word' id='word_1_96' title='bbox 911 1782 1107 1855; x_wconf 83' lang='lat' dir='ltr'><strong>faciliorem</strong></span> <span class='ocrx_word' id='word_1_97' title='bbox 1121 1782 1208 1856; x_wconf 89' lang='lat' dir='ltr'><strong>sore.</strong></span> <span class='ocrx_word' id='word_1_98' title='bbox 1224 1785 1302 1853; x_wconf 89' lang='lat' dir='ltr'><strong>Emi</strong></span> 
     </span>
     <span class='ocr_line' id='line_1_15' title="bbox 243 1894 1304 1993; baseline -0.001 -27"><span class='ocrx_word' id='word_1_99' title='bbox 243 1896 382 1992; x_wconf 88' lang='lat' dir='ltr'><strong>singula</strong></span> <span class='ocrx_word' id='word_1_100' title='bbox 408 1920 488 1967; x_wconf 89' lang='lat' dir='ltr'><strong>nou</strong></span> <span class='ocrx_word' id='word_1_101' title='bbox 512 1896 686 1993; x_wconf 85' lang='lat' dir='ltr'><strong>pecunia,</strong></span> <span class='ocrx_word' id='word_1_102' title='bbox 710 1894 773 1966; x_wconf 88' lang='lat' dir='ltr'><strong>sed</strong></span> <span class='ocrx_word' id='word_1_103' title='bbox 804 1897 1100 1993; x_wconf 86' lang='lat' dir='ltr'><strong>compensatione</strong></span> <span class='ocrx_word' id='word_1_104' title='bbox 1128 1895 1304 1965; x_wconf 88' lang='lat' dir='ltr'><strong>mercium</strong></span> 
     </span>
     <span class='ocr_line' id='line_1_16' title="bbox 198 2004 1304 2104; baseline -0.003 -26"><span class='ocrx_word' id='word_1_105' title='bbox 198 2006 455 2104; x_wconf 57' lang='lat' dir='ltr'><strong>ramesia-Auri</strong></span> <span class='ocrx_word' id='word_1_106' title='bbox 472 2007 684 2104; x_wconf 84' lang='lat' dir='ltr'><strong>argentique</strong></span> <span class='ocrx_word' id='word_1_107' title='bbox 701 2030 824 2096; x_wconf 90' lang='lat' dir='ltr'><strong>usum,</strong></span> <span class='ocrx_word' id='word_1_108' title='bbox 836 2004 935 2081; x_wconf 71' lang='lat' dir='ltr'><strong>uelut</strong></span> <span class='ocrx_word' id='word_1_109' title='bbox 948 2009 1113 2079; x_wconf 86' lang='lat' dir='ltr'><strong>omnium</strong></span> <span class='ocrx_word' id='word_1_110' title='bbox 1130 2004 1304 2079; x_wconf 85' lang='lat' dir='ltr'><strong>scelerum</strong></span> 
     </span>
     <span class='ocr_line' id='line_1_17' title="bbox 244 2116 793 2213; baseline 0.005 -25"><span class='ocrx_word' id='word_1_111' title='bbox 244 2118 448 2205; x_wconf 88' lang='lat' dir='ltr'><strong>materiam,</strong></span> <span class='ocrx_word' id='word_1_112' title='bbox 460 2116 613 2191; x_wconf 82' lang='lat' dir='ltr'><strong>sustulit</strong></span> <span class='ocrx_word' id='word_1_113' title='bbox 729 2209 732 2213; x_wconf 79' lang='lat'>.</span> <span class='ocrx_word' id='word_1_114' title='bbox 791 2140 793 2147; x_wconf 59' lang='lat'><strong>⁴</strong></span> 
     </span>
    </p>
   </div>
   <div class='ocr_carea' id='block_1_2' title="bbox 246 2315 1309 2391">
    <p class='ocr_par' dir='ltr' id='par_1_2' title="bbox 246 2315 1309 2391">
     <span class='ocr_line' id='line_1_18' title="bbox 246 2315 1309 2391; baseline 0.003 -23"><span class='ocrx_word' id='word_1_115' title='bbox 246 2316 323 2380; x_wconf 75' lang='lat' dir='ltr'><strong>ritae,</strong></span> <span class='ocrx_word' id='word_1_116' title='bbox 341 2315 443 2372; x_wconf 66' lang='lat' dir='ltr'><strong>tabam</strong></span> <span class='ocrx_word' id='word_1_117' title='bbox 462 2334 508 2374; x_wconf 66' lang='lat' dir='ltr'><strong>ln·</strong></span> <span class='ocrx_word' id='word_1_118' title='bbox 524 2346 558 2357; x_wconf 94' lang='lat'>-</span> <span class='ocrx_word' id='word_1_119' title='bbox 576 2317 618 2373; x_wconf 81' lang='lat' dir='ltr'><strong>De</strong></span> <span class='ocrx_word' id='word_1_120' title='bbox 634 2318 759 2391; x_wconf 68' lang='lat' dir='ltr'><strong>Lycurgo</strong></span> <span class='ocrx_word' id='word_1_121' title='bbox 793 2366 796 2371; x_wconf 91' lang='lat'>.</span> <span class='ocrx_word' id='word_1_122' title='bbox 833 2318 1309 2375; x_wconf 65' lang='lat' dir='ltr'><strong>tumultuosissimas</strong></span> 
     </span>
    </p>
   </div>
   <div class='ocr_carea' id='block_1_3' title="bbox 184 2388 1325 4029">
    <p class='ocr_par' dir='ltr' id='par_1_3' title="bbox 184 2388 1325 4029">
     <span class='ocr_line' id='line_1_19' title="bbox 249 2388 1032 2467; baseline 0.003 -22"><span class='ocrx_word' id='word_1_123' title='bbox 249 2392 291 2445; x_wconf 79' lang='lat' dir='ltr'><strong>ndi</strong></span> <span class='ocrx_word' id='word_1_124' title='bbox 303 2388 472 2448; x_wconf 82' lang='lat' dir='ltr'><strong>Plutarchum</strong></span> <span class='ocrx_word' id='word_1_125' title='bbox 481 2396 510 2448; x_wconf 87' lang='lat' dir='ltr'><strong>in</strong></span> <span class='ocrx_word' id='word_1_126' title='bbox 518 2396 571 2448; x_wconf 84' lang='lat' dir='ltr'><strong>vitu</strong></span> <span class='ocrx_word' id='word_1_127' title='bbox 582 2397 642 2449; x_wconf 79' lang='lat' dir='ltr'><strong>satis</strong></span> <span class='ocrx_word' id='word_1_128' title='bbox 653 2397 759 2467; x_wconf 85' lang='lat' dir='ltr'><strong>copiose</strong></span> <span class='ocrx_word' id='word_1_129' title='bbox 799 2394 971 2449; x_wconf 76' lang='lat' dir='ltr'><strong>dowmeutum.</strong></span> <span class='ocrx_word' id='word_1_130' title='bbox 987 2416 1032 2451; x_wconf 80' lang='lat' dir='ltr'><strong>ru.</strong></span> 
     </span>
     <span class='ocr_line' id='line_1_20' title="bbox 250 2470 1307 2548; baseline -0.002 -21"><span class='ocrx_word' id='word_1_131' title='bbox 250 2470 394 2544; x_wconf 79' lang='lat' dir='ltr'><strong>descripta,</strong></span> <span class='ocrx_word' id='word_1_132' title='bbox 407 2475 523 2545; x_wconf 82' lang='lat' dir='ltr'><strong>aliosque</strong></span> <span class='ocrx_word' id='word_1_133' title='bbox 537 2476 677 2547; x_wconf 81' lang='lat' dir='ltr'><strong>scriptores</strong></span> <span class='ocrx_word' id='word_1_134' title='bbox 689 2494 703 2527; x_wconf 82' lang='lat' dir='ltr'><strong>a</strong></span> <span class='ocrx_word' id='word_1_135' title='bbox 717 2494 759 2529; x_wconf 87' lang='lat' dir='ltr'><strong>me</strong></span> <span class='ocrx_word' id='word_1_136' title='bbox 836 2494 861 2543; x_wconf 86' lang='lat'><strong>9.</strong></span> <span class='ocrx_word' id='word_1_137' title='bbox 871 2479 1015 2548; x_wconf 73' lang='lat' dir='ltr'><strong>Ptincpum.</strong></span> <span class='ocrx_word' id='word_1_138' title='bbox 1027 2478 1129 2546; x_wconf 83' lang='lat' dir='ltr'><strong>Regum</strong></span> <span class='ocrx_word' id='word_1_139' title='bbox 1142 2474 1307 2545; x_wconf 84' lang='lat' dir='ltr'><strong>geminorum</strong></span> 
     </span>
     <span class='ocr_line' id='line_1_21' title="bbox 248 2551 1311 2625; baseline -0.002 -20"><span class='ocrx_word' id='word_1_140' title='bbox 248 2551 369 2605; x_wconf 75' lang='lat' dir='ltr'><strong>laudatos</strong></span> <span class='ocrx_word' id='word_1_141' title='bbox 388 2557 415 2607; x_wconf 76' lang='lat' dir='ltr'><strong>in</strong></span> <span class='ocrx_word' id='word_1_142' title='bbox 436 2559 534 2607; x_wconf 66' lang='lat' dir='ltr'><strong>mu</strong></span> <span class='ocrx_word' id='word_1_143' title='bbox 555 2554 638 2607; x_wconf 73' lang='lat' dir='ltr'><strong>littur-</strong></span> <span class='ocrx_word' id='word_1_144' title='bbox 661 2553 759 2607; x_wconf 73' lang='lat' dir='ltr'><strong>aude.</strong></span> <span class='ocrx_word' id='word_1_145' title='bbox 802 2564 828 2607; x_wconf 87' lang='lat' dir='ltr'><strong>et</strong></span> <span class='ocrx_word' id='word_1_146' title='bbox 840 2554 1073 2625; x_wconf 81' lang='lat' dir='ltr'><strong>ephororum‚qui</strong></span> <span class='ocrx_word' id='word_1_147' title='bbox 1086 2554 1165 2605; x_wconf 77' lang='lat' dir='ltr'><strong>annui</strong></span> <span class='ocrx_word' id='word_1_148' title='bbox 1178 2551 1311 2620; x_wconf 74' lang='lat' dir='ltr'><strong>eligelnu-</strong></span> 
     </span>
     <span class='ocr_line' id='line_1_22' title="bbox 249 2626 1310 2705; baseline 0.002 -24"><span class='ocrx_word' id='word_1_149' title='bbox 249 2631 304 2682; x_wconf 71' lang='lat' dir='ltr'><strong>vol,</strong></span> <span class='ocrx_word' id='word_1_150' title='bbox 320 2632 348 2695; x_wconf 87' lang='lat'><strong>1,</strong></span> <span class='ocrx_word' id='word_1_151' title='bbox 361 2650 422 2703; x_wconf 77' lang='lat' dir='ltr'><strong>pag.</strong></span> <span class='ocrx_word' id='word_1_152' title='bbox 439 2650 479 2685; x_wconf 85' lang='grc' dir='ltr'><strong>ιι.</strong></span> <span class='ocrx_word' id='word_1_153' title='bbox 494 2634 533 2683; x_wconf 84' lang='lat' dir='ltr'><strong>De</strong></span> <span class='ocrx_word' id='word_1_154' title='bbox 546 2633 662 2705; x_wconf 84' lang='lat' dir='ltr'><strong>Lycurgi</strong></span> <span class='ocrx_word' id='word_1_155' title='bbox 675 2644 762 2695; x_wconf 81' lang='lat' dir='ltr'><strong>sutem</strong></span> <span class='ocrx_word' id='word_1_156' title='bbox 802 2644 845 2685; x_wconf 88' lang='lat' dir='ltr'><strong>tur</strong></span> <span class='ocrx_word' id='word_1_157' title='bbox 858 2626 948 2703; x_wconf 84' lang='lat' dir='ltr'><strong>quini,</strong></span> <span class='ocrx_word' id='word_1_158' title='bbox 961 2646 988 2684; x_wconf 90' lang='lat' dir='ltr'><strong>et</strong></span> <span class='ocrx_word' id='word_1_159' title='bbox 998 2644 1149 2685; x_wconf 79' lang='lat' dir='ltr'><strong>senatorum</strong></span> <span class='ocrx_word' id='word_1_160' title='bbox 1165 2642 1310 2702; x_wconf 87' lang='lat' dir='ltr'><strong>perpetuo-</strong></span> 
     </span>
     <span class='ocr_line' id='line_1_23' title="bbox 253 2707 1312 2781; baseline -0.002 -18"><span class='ocrx_word' id='word_1_161' title='bbox 253 2708 378 2763; x_wconf 77' lang='lat' dir='ltr'><strong>institutis</strong></span> <span class='ocrx_word' id='word_1_162' title='bbox 386 2708 447 2761; x_wconf 82' lang='lat' dir='ltr'><strong>vide</strong></span> <span class='ocrx_word' id='word_1_163' title='bbox 455 2728 565 2781; x_wconf 88' lang='lat' dir='ltr'><strong>quoquc</strong></span> <span class='ocrx_word' id='word_1_164' title='bbox 573 2717 683 2775; x_wconf 77' lang='lat' dir='ltr'><strong>Bossuet,</strong></span> <span class='ocrx_word' id='word_1_165' title='bbox 694 2714 761 2764; x_wconf 83' lang='lat' dir='ltr'><strong>Disc.</strong></span> <span class='ocrx_word' id='word_1_166' title='bbox 802 2728 875 2774; x_wconf 87' lang='lat' dir='ltr'><strong>rum,</strong></span> <span class='ocrx_word' id='word_1_167' title='bbox 888 2711 982 2781; x_wconf 82' lang='lat' dir='ltr'><strong>viginti</strong></span> <span class='ocrx_word' id='word_1_168' title='bbox 994 2721 1054 2761; x_wconf 90' lang='lat' dir='ltr'><strong>octo</strong></span> <span class='ocrx_word' id='word_1_169' title='bbox 1068 2727 1192 2773; x_wconf 88' lang='lat' dir='ltr'><strong>numero,</strong></span> <span class='ocrx_word' id='word_1_170' title='bbox 1205 2728 1259 2759; x_wconf 90' lang='lat' dir='ltr'><strong>uon</strong></span> <span class='ocrx_word' id='word_1_171' title='bbox 1272 2707 1312 2761; x_wconf 90' lang='lat' dir='ltr'><strong>in·</strong></span> 
     </span>
     <span class='ocr_line' id='line_1_24' title="bbox 252 2784 1313 2858; baseline 0 -21"><span class='ocrx_word' id='word_1_172' title='bbox 252 2786 761 2857; x_wconf 66' lang='lat' dir='ltr'><strong>surl&#39;iictmnioers,lllpurt.,sect.5.ru.</strong></span> <span class='ocrx_word' id='word_1_173' title='bbox 804 2788 842 2840; x_wconf 78' lang='lat' dir='ltr'><strong>irs</strong></span> <span class='ocrx_word' id='word_1_174' title='bbox 861 2792 895 2839; x_wconf 81' lang='lat' dir='ltr'><strong>tio</strong></span> <span class='ocrx_word' id='word_1_175' title='bbox 912 2806 994 2841; x_wconf 82' lang='lat' dir='ltr'><strong>annos</strong></span> <span class='ocrx_word' id='word_1_176' title='bbox 1012 2788 1105 2851; x_wconf 76' lang='lat' dir='ltr'><strong>astatis,</strong></span> <span class='ocrx_word' id='word_1_177' title='bbox 1123 2804 1179 2858; x_wconf 81' lang='lat' dir='ltr'><strong>esp.</strong></span> <span class='ocrx_word' id='word_1_178' title='bbox 1195 2784 1223 2849; x_wconf 81' lang='lat'><strong>3,</strong></span> <span class='ocrx_word' id='word_1_179' title='bbox 1238 2804 1263 2837; x_wconf 80' lang='lat' dir='ltr'><strong>s.</strong></span> <span class='ocrx_word' id='word_1_180' title='bbox 1277 2816 1313 2826; x_wconf 91' lang='lat'><em>-</em></span> 
     </span>
     <span class='ocr_line' id='line_1_25' title="bbox 289 2864 1312 2938; baseline 0.002 -21"><span class='ocrx_word' id='word_1_181' title='bbox 289 2866 306 2913; x_wconf 81' lang='grc'><strong>6</strong></span> <span class='ocrx_word' id='word_1_182' title='bbox 325 2868 432 2917; x_wconf 77' lang='lat' dir='ltr'><strong>Pietatis.</strong></span> <span class='ocrx_word' id='word_1_183' title='bbox 441 2865 546 2920; x_wconf 75' lang='lat' dir='ltr'><strong>Amoris</strong></span> <span class='ocrx_word' id='word_1_184' title='bbox 556 2868 584 2919; x_wconf 83' lang='lat' dir='ltr'><strong>iu</strong></span> <span class='ocrx_word' id='word_1_185' title='bbox 595 2868 701 2921; x_wconf 74' lang='lat' dir='ltr'><strong>fratrem</strong></span> <span class='ocrx_word' id='word_1_186' title='bbox 714 2869 765 2922; x_wconf 78' lang='lat' dir='ltr'><strong>irs·</strong></span> <span class='ocrx_word' id='word_1_187' title='bbox 803 2870 921 2919; x_wconf 77' lang='lat' dir='ltr'><strong>Iustitiam</strong></span> <span class='ocrx_word' id='word_1_188' title='bbox 935 2868 1089 2938; x_wconf 60' lang='lat' dir='ltr'><strong>imperim.</strong></span> <span class='ocrx_word' id='word_1_189' title='bbox 1101 2867 1117 2917; x_wconf 89' lang='lat' dir='ltr'>J</span> <span class='ocrx_word' id='word_1_190' title='bbox 1120 2878 1174 2918; x_wconf 79' lang='lat' dir='ltr'><strong>usta</strong></span> <span class='ocrx_word' id='word_1_191' title='bbox 1185 2864 1312 2935; x_wconf 78' lang='lat' dir='ltr'><strong>imperis.</strong></span> 
     </span>
     <span class='ocr_line' id='line_1_26' title="bbox 253 2942 1315 3017; baseline -0.002 -20"><span class='ocrx_word' id='word_1_192' title='bbox 253 2943 353 3017; x_wconf 80' lang='lat' dir='ltr'><strong>trisque</strong></span> <span class='ocrx_word' id='word_1_193' title='bbox 365 2942 457 2997; x_wconf 86' lang='lat' dir='ltr'><strong>lilium.</strong></span> <span class='ocrx_word' id='word_1_194' title='bbox 806 2944 861 2997; x_wconf 82' lang='lat' dir='ltr'><strong>sive</strong></span> <span class='ocrx_word' id='word_1_195' title='bbox 871 2958 901 2997; x_wconf 89' lang='lat' dir='ltr'><strong>nt</strong></span> <span class='ocrx_word' id='word_1_196' title='bbox 911 2945 978 2997; x_wconf 86' lang='lat' dir='ltr'><strong>nihil</strong></span> <span class='ocrx_word' id='word_1_197' title='bbox 989 2944 1078 3015; x_wconf 84' lang='lat' dir='ltr'><strong>injusti</strong></span> <span class='ocrx_word' id='word_1_198' title='bbox 1088 2963 1102 2996; x_wconf 81' lang='lat' dir='ltr'><strong>s</strong></span> <span class='ocrx_word' id='word_1_199' title='bbox 1113 2944 1214 3016; x_wconf 87' lang='lat' dir='ltr'><strong>populo</strong></span> <span class='ocrx_word' id='word_1_200' title='bbox 1227 2943 1315 3014; x_wconf 84' lang='lat' dir='ltr'><strong>exige·</strong></span> 
     </span>
     <span class='ocr_line' id='line_1_27' title="bbox 290 3020 1316 3097; baseline -0.004 -21"><span class='ocrx_word' id='word_1_201' title='bbox 290 3042 315 3095; x_wconf 86' lang='lat'><strong>7.</strong></span> <span class='ocrx_word' id='word_1_202' title='bbox 328 3026 397 3094; x_wconf 70' lang='lat' dir='ltr'><strong>Ejus</strong></span> <span class='ocrx_word' id='word_1_203' title='bbox 410 3024 562 3096; x_wconf 81' lang='lat' dir='ltr'><strong>Elegantius</strong></span> <span class='ocrx_word' id='word_1_204' title='bbox 571 3023 669 3079; x_wconf 81' lang='lat' dir='ltr'><strong>dixeris</strong></span> <span class='ocrx_word' id='word_1_205' title='bbox 679 3048 685 3079; x_wconf 92' lang='lat'><strong>:</strong></span> <span class='ocrx_word' id='word_1_206' title='bbox 696 3027 767 3097; x_wconf 72' lang='lat' dir='ltr'><strong>hujus</strong></span> <span class='ocrx_word' id='word_1_207' title='bbox 805 3035 865 3075; x_wconf 87' lang='lat' dir='ltr'><strong>rent</strong></span> <span class='ocrx_word' id='word_1_208' title='bbox 876 3044 881 3076; x_wconf 93' lang='lat'><strong>:</strong></span> <span class='ocrx_word' id='word_1_209' title='bbox 892 3042 947 3095; x_wconf 89' lang='lat' dir='ltr'><strong>quo</strong></span> <span class='ocrx_word' id='word_1_210' title='bbox 958 3023 1010 3075; x_wconf 84' lang='lat' dir='ltr'><strong>lere</strong></span> <span class='ocrx_word' id='word_1_211' title='bbox 1021 3020 1101 3077; x_wconf 86' lang='lat' dir='ltr'><strong>ruodo</strong></span> <span class='ocrx_word' id='word_1_212' title='bbox 1114 3024 1179 3076; x_wconf 86' lang='lat' dir='ltr'><strong>Cato</strong></span> <span class='ocrx_word' id='word_1_213' title='bbox 1192 3022 1235 3073; x_wconf 90' lang='lat' dir='ltr'><strong>ille</strong></span> <span class='ocrx_word' id='word_1_214' title='bbox 1248 3022 1316 3073; x_wconf 87' lang='lat' dir='ltr'><strong>Cen·</strong></span> 
     </span>
     <span class='ocr_line' id='line_1_28' title="bbox 256 3098 1316 3175; baseline -0.003 -21"><span class='ocrx_word' id='word_1_215' title='bbox 256 3104 313 3174; x_wconf 71' lang='lat' dir='ltr'><strong>pse.</strong></span> <span class='ocrx_word' id='word_1_216' title='bbox 323 3102 380 3155; x_wconf 82' lang='lat' dir='ltr'><strong>lloe</strong></span> <span class='ocrx_word' id='word_1_217' title='bbox 392 3101 463 3155; x_wconf 86' lang='lat' dir='ltr'><strong>enim</strong></span> <span class='ocrx_word' id='word_1_218' title='bbox 476 3109 624 3175; x_wconf 73' lang='lat' dir='ltr'><strong>pronomen</strong></span> <span class='ocrx_word' id='word_1_219' title='bbox 636 3107 767 3174; x_wconf 70' lang='lat' dir='ltr'><strong>posterius</strong></span> <span class='ocrx_word' id='word_1_220' title='bbox 807 3102 906 3168; x_wconf 81' lang='lat' dir='ltr'><strong>surius,</strong></span> <span class='ocrx_word' id='word_1_221' title='bbox 927 3102 1069 3175; x_wconf 89' lang='lat' dir='ltr'><strong>proconsul</strong></span> <span class='ocrx_word' id='word_1_222' title='bbox 1092 3100 1223 3173; x_wconf 70' lang='lat' dir='ltr'><strong>Hispania</strong></span> <span class='ocrx_word' id='word_1_223' title='bbox 1245 3098 1316 3171; x_wconf 80' lang='lat' dir='ltr'><strong>apud</strong></span> 
     </span>
     <span class='ocr_line' id='line_1_29' title="bbox 255 3179 1317 3255; baseline -0.006 -21"><span class='ocrx_word' id='word_1_224' title='bbox 255 3182 430 3234; x_wconf 80' lang='lat' dir='ltr'><strong>necessarium</strong></span> <span class='ocrx_word' id='word_1_225' title='bbox 446 3195 501 3246; x_wconf 86' lang='lat' dir='ltr'><strong>est,</strong></span> <span class='ocrx_word' id='word_1_226' title='bbox 515 3202 597 3255; x_wconf 80' lang='lat' dir='ltr'><strong>quum</strong></span> <span class='ocrx_word' id='word_1_227' title='bbox 615 3183 686 3242; x_wconf 84' lang='lat' dir='ltr'><strong>aliud</strong></span> <span class='ocrx_word' id='word_1_228' title='bbox 704 3186 766 3237; x_wconf 87' lang='lat' dir='ltr'><strong>sub·</strong></span> <span class='ocrx_word' id='word_1_229' title='bbox 808 3182 865 3235; x_wconf 82' lang='lat' dir='ltr'><strong>Liv.</strong></span> <span class='ocrx_word' id='word_1_230' title='bbox 887 3180 1022 3247; x_wconf 83' lang='lat' dir='ltr'><strong>XXXIV,</strong></span> <span class='ocrx_word' id='word_1_231' title='bbox 1038 3183 1082 3245; x_wconf 78' lang='lat' dir='ltr'><strong>rs,</strong></span> <span class='ocrx_word' id='word_1_232' title='bbox 1098 3189 1127 3245; x_wconf 72' lang='lat' dir='ltr'><strong>t,</strong></span> <span class='ocrx_word' id='word_1_233' title='bbox 1142 3180 1171 3231; x_wconf 91' lang='lat' dir='ltr'><strong>in</strong></span> <span class='ocrx_word' id='word_1_234' title='bbox 1185 3179 1317 3231; x_wconf 87' lang='lat' dir='ltr'><strong>neminem</strong></span> 
     </span>
     <span class='ocr_line' id='line_1_30' title="bbox 254 3258 1317 3333; baseline -0.007 -20"><span class='ocrx_word' id='word_1_235' title='bbox 254 3262 355 3333; x_wconf 78' lang='lat' dir='ltr'><strong>jecnam</strong></span> <span class='ocrx_word' id='word_1_236' title='bbox 363 3262 425 3315; x_wconf 85' lang='lat' dir='ltr'><strong>insit</strong></span> <span class='ocrx_word' id='word_1_237' title='bbox 431 3262 513 3315; x_wconf 80' lang='lat' dir='ltr'><strong>verbo</strong></span> <span class='ocrx_word' id='word_1_238' title='bbox 521 3260 685 3328; x_wconf 66' lang='lat' dir='ltr'><strong>adsistens,</strong></span> <span class='ocrx_word' id='word_1_239' title='bbox 696 3266 768 3319; x_wconf 79' lang='lat' dir='ltr'><strong>aliud</strong></span> <span class='ocrx_word' id='word_1_240' title='bbox 808 3260 926 3317; x_wconf 74' lang='lat' dir='ltr'><strong>muniunt</strong></span> <span class='ocrx_word' id='word_1_241' title='bbox 937 3261 1041 3331; x_wconf 86' lang='lat' dir='ltr'><strong>gravius</strong></span> <span class='ocrx_word' id='word_1_242' title='bbox 1050 3258 1229 3328; x_wconf 77' lang='lat' dir='ltr'><strong>severiusque,</strong></span> <span class='ocrx_word' id='word_1_243' title='bbox 1239 3274 1317 3327; x_wconf 86' lang='lat' dir='ltr'><strong>quam</strong></span> 
     </span>
     <span class='ocr_line' id='line_1_31' title="bbox 256 3334 1318 3413; baseline -0.008 -22"><span class='ocrx_word' id='word_1_244' title='bbox 256 3339 414 3411; x_wconf 68' lang='lat' dir='ltr'><strong>procedenti</strong></span> <span class='ocrx_word' id='word_1_245' title='bbox 437 3342 584 3393; x_wconf 66' lang='lat' dir='ltr'><strong>cannuca,</strong></span> <span class='ocrx_word' id='word_1_246' title='bbox 604 3376 635 3383; x_wconf 89' lang='lat'><em>-</em></span> <span class='ocrx_word' id='word_1_247' title='bbox 655 3346 767 3413; x_wconf 71' lang='lat' dir='ltr'><strong>Magis...</strong></span> <span class='ocrx_word' id='word_1_248' title='bbox 808 3336 836 3391; x_wconf 90' lang='lat' dir='ltr'><strong>in</strong></span> <span class='ocrx_word' id='word_1_249' title='bbox 844 3334 1318 3409; x_wconf 75' lang='lat' dir='ltr'><strong>sernetipsumexercebatimperium.</strong></span> 
     </span>
     <span class='ocr_line' id='line_1_32' title="bbox 258 3412 1316 3493; baseline -0.012 -20"><span class='ocrx_word' id='word_1_250' title='bbox 258 3420 353 3472; x_wconf 60' lang='lat' dir='ltr'><strong>curtos.</strong></span> <span class='ocrx_word' id='word_1_251' title='bbox 368 3420 466 3473; x_wconf 80' lang='lat' dir='ltr'><strong>Contra</strong></span> <span class='ocrx_word' id='word_1_252' title='bbox 481 3424 663 3493; x_wconf 74' lang='lat' dir='ltr'><strong>grammaticos</strong></span> <span class='ocrx_word' id='word_1_253' title='bbox 681 3424 768 3477; x_wconf 77' lang='lat' dir='ltr'><strong>Cano.</strong></span> <span class='ocrx_word' id='word_1_254' title='bbox 847 3436 888 3470; x_wconf 87' lang='grc' dir='ltr'><strong>ιο.</strong></span> <span class='ocrx_word' id='word_1_255' title='bbox 907 3419 1079 3469; x_wconf 80' lang='lat' dir='ltr'><strong>Parcimonium</strong></span> <span class='ocrx_word' id='word_1_256' title='bbox 1097 3412 1204 3467; x_wconf 75' lang='lat' dir='ltr'><strong>omnibus</strong></span> <span class='ocrx_word' id='word_1_257' title='bbox 1226 3412 1316 3477; x_wconf 77' lang='lat' dir='ltr'><strong>suasit,</strong></span> 
     </span>
     <span class='ocr_line' id='line_1_33' title="bbox 257 3490 1320 3572; baseline -0.01 -18"><span class='ocrx_word' id='word_1_258' title='bbox 257 3518 314 3555; x_wconf 75' lang='lat' dir='ltr'><strong>uas.</strong></span> <span class='ocrx_word' id='word_1_259' title='bbox 334 3502 499 3572; x_wconf 75' lang='lat' dir='ltr'><strong>Quamquam</strong></span> <span class='ocrx_word' id='word_1_260' title='bbox 521 3515 607 3556; x_wconf 80' lang='lat' dir='ltr'><strong>autem</strong></span> <span class='ocrx_word' id='word_1_261' title='bbox 627 3506 683 3557; x_wconf 63' lang='lat' dir='ltr'><strong>hm</strong></span> <span class='ocrx_word' id='word_1_262' title='bbox 703 3522 768 3557; x_wconf 69' lang='lat' dir='ltr'><strong>eon.</strong></span> <span class='ocrx_word' id='word_1_263' title='bbox 809 3499 964 3559; x_wconf 66' lang='lat' dir='ltr'><strong>cautinum,</strong></span> <span class='ocrx_word' id='word_1_264' title='bbox 993 3494 1096 3546; x_wconf 64' lang='lat' dir='ltr'><strong>tutorem</strong></span> <span class='ocrx_word' id='word_1_265' title='bbox 1122 3503 1162 3543; x_wconf 88' lang='lat' dir='ltr'><strong>etc</strong></span> <span class='ocrx_word' id='word_1_266' title='bbox 1199 3490 1320 3561; x_wconf 87' lang='lat' dir='ltr'><strong>Plerique</strong></span> 
     </span>
     <span class='ocr_line' id='line_1_34' title="bbox 259 3572 1321 3654; baseline -0.008 -24"><span class='ocrx_word' id='word_1_267' title='bbox 259 3579 770 3654; x_wconf 84' lang='lat' dir='ltr'><strong>structiononestoptimisscriptoribus</strong></span> <span class='ocrx_word' id='word_1_268' title='bbox 810 3574 1061 3647; x_wconf 68' lang='lat' dir='ltr'><strong>MSS-parcimoniam</strong></span> <span class='ocrx_word' id='word_1_269' title='bbox 1069 3572 1176 3645; x_wconf 65' lang='lat' dir='ltr'><strong>omnibus</strong></span> <span class='ocrx_word' id='word_1_270' title='bbox 1189 3576 1247 3623; x_wconf 81' lang='lat' dir='ltr'><strong>Item</strong></span> <span class='ocrx_word' id='word_1_271' title='bbox 1255 3573 1321 3621; x_wconf 80' lang='lat' dir='ltr'><strong>eris·</strong></span> 
     </span>
     <span class='ocr_line' id='line_1_35' title="bbox 259 3648 1321 3732; baseline -0.006 -25"><span class='ocrx_word' id='word_1_272' title='bbox 259 3657 367 3719; x_wconf 79' lang='lat' dir='ltr'><strong>usitata,</strong></span> <span class='ocrx_word' id='word_1_273' title='bbox 384 3658 477 3711; x_wconf 83' lang='lat' dir='ltr'><strong>Florus</strong></span> <span class='ocrx_word' id='word_1_274' title='bbox 494 3672 593 3721; x_wconf 84' lang='lat' dir='ltr'><strong>tamen,</strong></span> <span class='ocrx_word' id='word_1_275' title='bbox 608 3660 660 3726; x_wconf 87' lang='lat' dir='ltr'><strong>lv,</strong></span> <span class='ocrx_word' id='word_1_276' title='bbox 673 3680 704 3725; x_wconf 64' lang='grc' dir='ltr'><strong>α,</strong></span> <span class='ocrx_word' id='word_1_277' title='bbox 719 3680 771 3732; x_wconf 69' lang='lat'><strong>7²⁹</strong></span> <span class='ocrx_word' id='word_1_278' title='bbox 811 3658 903 3707; x_wconf 74' lang='lat' dir='ltr'><strong>dmum.</strong></span> <span class='ocrx_word' id='word_1_279' title='bbox 918 3650 990 3717; x_wconf 85' lang='lat' dir='ltr'><strong>Quid</strong></span> <span class='ocrx_word' id='word_1_280' title='bbox 1010 3650 1057 3703; x_wconf 81' lang='lat' dir='ltr'><strong>sibi</strong></span> <span class='ocrx_word' id='word_1_281' title='bbox 1077 3651 1135 3703; x_wconf 78' lang='lat' dir='ltr'><strong>vult</strong></span> <span class='ocrx_word' id='word_1_282' title='bbox 1152 3650 1207 3702; x_wconf 76' lang='lat' dir='ltr'><strong>haec</strong></span> <span class='ocrx_word' id='word_1_283' title='bbox 1225 3648 1321 3701; x_wconf 78' lang='lat' dir='ltr'><strong>lectio?</strong></span> 
     </span>
     <span class='ocr_line' id='line_1_36' title="bbox 184 3728 1322 3801; baseline -0.005 -16"><span class='ocrx_word' id='word_1_284' title='bbox 184 3758 194 3775; x_wconf 56' lang='grc' dir='ltr'><strong><em>ν</em></strong></span> <span class='ocrx_word' id='word_1_285' title='bbox 260 3738 342 3785; x_wconf 71' lang='lat' dir='ltr'><strong>Minus</strong></span> <span class='ocrx_word' id='word_1_286' title='bbox 357 3732 536 3801; x_wconf 52' lang='lat' dir='ltr'><strong>adrehildem</strong></span> <span class='ocrx_word' id='word_1_287' title='bbox 549 3738 632 3791; x_wconf 85' lang='lat' dir='ltr'><strong>Plaut.</strong></span> <span class='ocrx_word' id='word_1_288' title='bbox 646 3740 728 3794; x_wconf 83' lang='lat' dir='ltr'><strong>Stich.</strong></span> <span class='ocrx_word' id='word_1_289' title='bbox 742 3762 769 3796; x_wconf 59' lang='grc' dir='ltr'><strong>γ,</strong></span> <span class='ocrx_word' id='word_1_290' title='bbox 811 3730 881 3785; x_wconf 92' lang='lat' dir='ltr'><strong>Illud</strong></span> <span class='ocrx_word' id='word_1_291' title='bbox 889 3744 974 3783; x_wconf 85' lang='lat' dir='ltr'><strong>tamen</strong></span> <span class='ocrx_word' id='word_1_292' title='bbox 982 3732 1058 3783; x_wconf 67' lang='lat' dir='ltr'><strong>suasi</strong></span> <span class='ocrx_word' id='word_1_293' title='bbox 1067 3730 1093 3781; x_wconf 91' lang='lat' dir='ltr'><strong>in</strong></span> <span class='ocrx_word' id='word_1_294' title='bbox 1101 3728 1178 3781; x_wconf 87' lang='lat' dir='ltr'><strong>nullis</strong></span> <span class='ocrx_word' id='word_1_295' title='bbox 1187 3740 1322 3798; x_wconf 83' lang='lat' dir='ltr'><strong>comparet</strong></span> 
     </span>
     <span class='ocr_line' id='line_1_37' title="bbox 262 3806 1223 3891; baseline -0.003 -30"><span class='ocrx_word' id='word_1_296' title='bbox 262 3814 278 3874; x_wconf 70' lang='grc'><em>4</em></span> <span class='ocrx_word' id='word_1_297' title='bbox 286 3814 769 3891; x_wconf 72' lang='lat' dir='ltr'><strong>:nagr&#39;sdulcius5Virg.inCulice,r.7:</strong></span> <span class='ocrx_word' id='word_1_298' title='bbox 810 3810 898 3876; x_wconf 80' lang='lat' dir='ltr'><strong>lilrris,</strong></span> <span class='ocrx_word' id='word_1_299' title='bbox 910 3810 960 3862; x_wconf 90' lang='lat' dir='ltr'><strong>nisi</strong></span> <span class='ocrx_word' id='word_1_300' title='bbox 973 3811 1001 3867; x_wconf 86' lang='lat' dir='ltr'><strong>iu</strong></span> <span class='ocrx_word' id='word_1_301' title='bbox 1014 3808 1071 3863; x_wconf 89' lang='lat' dir='ltr'><strong>MS.</strong></span> <span class='ocrx_word' id='word_1_302' title='bbox 1088 3806 1162 3861; x_wconf 83' lang='lat' dir='ltr'><strong>Leid.</strong></span> <span class='ocrx_word' id='word_1_303' title='bbox 1178 3824 1223 3859; x_wconf 77' lang='lat' dir='ltr'><strong>nn.</strong></span> 
     </span>
     <span class='ocr_line' id='line_1_38' title="bbox 289 3882 1325 3966; baseline -0.015 -13"><span class='ocrx_word' id='word_1_304' title='bbox 289 3906 676 3966; x_wconf 58' lang='lat' dir='ltr'><strong>unumquisque-tansum</strong></span> <span class='ocrx_word' id='word_1_305' title='bbox 683 3914 739 3954; x_wconf 65' lang='lat' dir='ltr'><strong>nst</strong></span> <span class='ocrx_word' id='word_1_306' title='bbox 850 3910 890 3945; x_wconf 74' lang='lat' dir='ltr'><strong>ta.</strong></span> <span class='ocrx_word' id='word_1_307' title='bbox 911 3894 971 3943; x_wconf 80' lang='lat' dir='ltr'><strong>Auri</strong></span> <span class='ocrx_word' id='word_1_308' title='bbox 991 3892 1129 3962; x_wconf 74' lang='lat' dir='ltr'><strong>argentique</strong></span> <span class='ocrx_word' id='word_1_309' title='bbox 1148 3904 1214 3938; x_wconf 76' lang='lat' dir='ltr'><strong>ustam</strong></span> <span class='ocrx_word' id='word_1_310' title='bbox 1225 3924 1234 3951; x_wconf 90' lang='lat'><strong>,</strong></span> <span class='ocrx_word' id='word_1_311' title='bbox 1255 3882 1325 3937; x_wconf 75' lang='lat' dir='ltr'><strong>uelut</strong></span> 
     </span>
     <span class='ocr_line' id='line_1_39' title="bbox 697 3962 1322 4029; baseline -0.018 -5"><span class='ocrx_word' id='word_1_312' title='bbox 697 3989 730 4016; x_wconf 75' lang='lat'><strong>¹⁰·</strong></span> <span class='ocrx_word' id='word_1_313' title='bbox 812 3973 914 4023; x_wconf 78' lang='lat' dir='ltr'><strong>omnium</strong></span> <span class='ocrx_word' id='word_1_314' title='bbox 935 3969 1046 4021; x_wconf 85' lang='lat' dir='ltr'><strong>scelerum</strong></span> <span class='ocrx_word' id='word_1_315' title='bbox 1064 3968 1199 4029; x_wconf 80' lang='lat' dir='ltr'><strong>materiam,</strong></span> <span class='ocrx_word' id='word_1_316' title='bbox 1220 3962 1322 4015; x_wconf 71' lang='lat' dir='ltr'><strong>seruate</strong></span> 
     </span>
    </p>
   </div>
   <div class='ocr_carea' id='block_1_4' title="bbox 261 4044 1322 4200">
    <p class='ocr_par' dir='ltr' id='par_1_4' title="bbox 261 4044 1322 4200">
     <span class='ocr_line' id='line_1_40' title="bbox 262 4044 1322 4127; baseline 0 -35"><span class='ocrx_word' id='word_1_317' title='bbox 262 4050 370 4103; x_wconf 76' lang='lat' dir='ltr'><strong>...Ante</strong></span> <span class='ocrx_word' id='word_1_318' title='bbox 375 4052 477 4106; x_wconf 88' lang='lat' dir='ltr'><strong>Urbem</strong></span> <span class='ocrx_word' id='word_1_319' title='bbox 485 4052 619 4109; x_wconf 83' lang='lat' dir='ltr'><strong>conditam</strong></span> <span class='ocrx_word' id='word_1_320' title='bbox 629 4056 677 4111; x_wconf 73' lang='lat'><strong>130</strong></span> <span class='ocrx_word' id='word_1_321' title='bbox 682 4076 692 4127; x_wconf 73' lang='lat'>5</span> <span class='ocrx_word' id='word_1_322' title='bbox 701 4076 772 4115; x_wconf 75' lang='lat' dir='ltr'><strong>anno</strong></span> <span class='ocrx_word' id='word_1_323' title='bbox 813 4048 965 4104; x_wconf 85' lang='lat' dir='ltr'><strong>Introduxit</strong></span> <span class='ocrx_word' id='word_1_324' title='bbox 973 4061 1063 4101; x_wconf 78' lang='lat' dir='ltr'><strong>conua</strong></span> <span class='ocrx_word' id='word_1_325' title='bbox 1072 4066 1105 4101; x_wconf 75' lang='lat' dir='ltr'><strong>us</strong></span> <span class='ocrx_word' id='word_1_326' title='bbox 1115 4064 1169 4101; x_wconf 88' lang='lat' dir='ltr'><strong>uon</strong></span> <span class='ocrx_word' id='word_1_327' title='bbox 1177 4044 1322 4116; x_wconf 83' lang='lat' dir='ltr'><strong>signatum,</strong></span> 
     </span>
     <span class='ocr_line' id='line_1_41' title="bbox 261 4124 1085 4200; baseline -0.002 -19"><span class='ocrx_word' id='word_1_328' title='bbox 261 4126 356 4183; x_wconf 81' lang='lat' dir='ltr'><strong>mundi</strong></span> <span class='ocrx_word' id='word_1_329' title='bbox 371 4130 448 4182; x_wconf 79' lang='lat'>3100.</span> <span class='ocrx_word' id='word_1_330' title='bbox 815 4126 861 4183; x_wconf 86' lang='lat' dir='ltr'><strong>sed</strong></span> <span class='ocrx_word' id='word_1_331' title='bbox 874 4124 1085 4200; x_wconf 82' lang='lat' dir='ltr'><strong>ponderandum.</strong></span> 
     </span>
    </p>
   </div>
   <div class='ocr_carea' id='block_1_5' title="bbox 0 0 1529 4684">
    <p class='ocr_par' dir='ltr' id='par_1_5' title="bbox 0 0 1529 4684">
     <span class='ocr_line' id='line_1_42' title="bbox 0 0 1529 4684; baseline 0 0"><span class='ocrx_word' id='word_1_332' title='bbox 0 0 1529 4684; x_wconf 95' lang='lat' dir='ltr'><strong> </strong></span> 
     </span>
    </p>
   </div>
  </div>
 </body>
</html>
