2967 4684
398 376 777 450 HISTORIARUM
801 376 961 445 LIBER
984 380 1104 448 xltt·
1197 378 1267 474 329

215 503 410 575 exercitum
432 503 606 571 victorem
627 522 707 569 non
728 496 843 586 bello,
862 498 926 570 sed
942 516 1042 598 peste
1060 499 1267 574 deleverint.

214 610 363 684 Deferre
387 634 426 682 se
448 625 569 681 tamen
596 607 733 679 civibus
757 609 829 680 suis
856 634 933 679 non
957 611 1101 684 modica
1124 612 1296 703 solatia,t

216 723 315 819 quod
335 720 436 792 malis
451 744 577 791 eorum
594 719 715 790 hostes
735 719 907 816 gaudere,
928 746 1005 793 non
1025 723 1167 821 gloriari
1184 748 1268 821 pos·

215 834 287 905 sint
301 862 309 905 ε
325 835 459 931 quippe
478 854 591 928 quum
607 854 726 928 neque
742 854 822 918 eos,
837 833 901 928 qui
918 835 1054 904 mortui
1071 849 1175 924 sunt,
1191 860 1213 905 a
1230 858 1267 906 se
1281 850 1296 905 t

215 946 370 1031 occisos,
383 965 503 1039 neque
517 966 595 1031 eos,
609 944 671 1039 qui
685 945 819 1032 reversi
833 958 934 1031 sunt,
948 970 1020 1016 ase
1035 943 1175 1043 fugatos
1189 970 1269 1045 pos-

215 1054 288 1123 sint
302 1052 431 1123 dicere.
443 1051 622 1139 Praedam,
637 1076 747 1151 quam
766 1052 897 1125 relictis
913 1079 934 1124 a
951 1080 989 1125 se
1007 1058 1131 1128 eastris
1148 1054 1298 1129 abela-t

214 1162 338 1252 lerint,
350 1187 428 1234 non
440 1187 516 1235 esse
529 1162 650 1251 talem,
661 1187 769 1259 quam
780 1162 878 1233 velut
889 1164 1045 1262 spolium
1055 1168 1142 1237 victi
1154 1166 1270 1239 hostis

215 1288 418 1345 ostentent:
434 1272 496 1345 sed
516 1298 624 1371 quam
640 1275 865 1372 possessione
887 1298 1013 1358 vacua,
1031 1272 1187 1347 fortuitis
1204 1276 1270 1349 do·

214 1388 399 1457 minorum
423 1384 618 1487 mortibus,
637 1385 741 1455 sicuti
762 1383 896 1455 caduca
920 1387 1141 1484 occuparint.
1163 1385 1299 1475 Quod7

215 1496 261 1567 ad
284 1496 406 1569 hostes
433 1498 606 1594 pertinet,
630 1498 784 1567 victores
808 1520 846 1568 se
870 1498 1084 1567 recessisse:
1104 1495 1203 1593 quod
1225 1496 1271 1566 ad

214 1621 370 1705 pestem,
391 1608 515 1677 victos.
540 1604 638 1676 Nihil
661 1620 781 1677 tamen
803 1631 841 1677 se
865 1608 1006 1705 gravius
1028 1604 1142 1695 ferre,
1162 1628 1300 1706 quams

217 1715 316 1813 quod
334 1718 429 1787 inter
446 1714 658 1787 fortissimos
676 1719 773 1787 viros
791 1719 886 1788 mori
907 1743 986 1790 non
1006 1719 1183 1815 potuerit3
1199 1742 1272 1789 ser-

215 1842 388 1924 vatusque
406 1828 467 1916 sit,
486 1850 564 1898 non
585 1825 630 1897 ad
647 1828 727 1898 vitae
739 1827 1019 1924 jucunditatem,
1037 1828 1100 1900 sed
1114 1828 1160 1899 ad
1181 1826 1273 1901 ludi·

215 1935 336 2009 brium
358 1938 573 2009 calamitatis.
592 1941 820 2035 Quamquam
840 1937 904 2009 ubi
921 1940 1068 2011 miseras
1088 1940 1302 2038 copiarumo

215 2049 383 2147 reliquias
395 2047 648 2145 Carthaginem
665 2048 868 2139 reduxerit,
881 2074 920 2121 se
938 2075 1084 2148 quoque
1101 2065 1273 2148 sequutu-

215 2185 296 2231 rum
313 2158 579 2231 commilitones
597 2183 700 2247 suos;
714 2174 1019 2257 ostensurumque
1038 2162 1178 2260 patriae,
1194 2185 1272 2231 non
1288 2192 1320 2227 ιο

216 2270 298 2342 ideo
313 2295 350 2341 se
366 2272 404 2339 in
418 2293 496 2339 eam
511 2269 605 2340 diem
619 2270 762 2358 vixisse,
776 2274 949 2366 quoniam
960 2270 1046 2341 velit
1058 2272 1195 2341 vivere:
1209 2268 1273 2342 sed

217 2406 265 2452 ne
287 2381 374 2470 hos,
393 2380 526 2479 quibus
547 2378 704 2451 nefanda
727 2380 804 2450 lues
828 2393 1057 2479 pepercerat,
1072 2381 1169 2451 inter
1188 2379 1273 2452 hos·

217 2494 307 2563 tium
336 2495 511 2565 exercitus
539 2490 703 2581 relictos,
726 2506 844 2562 morte
873 2515 936 2561 sua
965 2490 1175 2588 proderet»
1199 2492 1273 2563 Tali
1287 2519 1318 2556 ιι

216 2602 474 2676 iociferatione
496 2594 562 2702 per
581 2600 710 2674 urbem
728 2604 927 2699 ingressus,
945 2615 985 2671 ut
1002 2599 1048 2671 ad
1065 2600 1190 2670 limina
1207 2600 1274 2672 do·

216 2740 296 2787 mus
314 2741 385 2787 suae
398 2716 513 2803 venit,
526 2728 784 2812 prosequutam
797 2710 1065 2784 multitudinem
1080 2711 1178 2783 velut
1192 2736 1274 2811 pos-

217 2841 333 2898 tremo
352 2826 522 2924 adloquio
545 2827 696 2915 dimisit,
715 2823 961 2923 obseratisque
980 2821 1138 2913 foribus,
1151 2848 1193 2895 ac
1211 2845 1274 2896 ne·
1289 2855 1319 2889 n

218 2940 316 3010 mine
338 2936 384 3011 ad
403 2964 459 3027 se,
476 2964 522 3009 ne
540 2936 622 3009 filiis
645 2936 811 3035 quidem,
828 2934 1007 3024 admissis,
1030 2950 1185 3007 mortem
1206 2934 1275 3007 sibi

220 3051 404 3120 conscivit.

255 3229 279 3287 4.
292 3222 400 3286 Defim.
418 3221 555 3277 Nuntisre.
570 3252 605 3263 -
620 3224 724 3273 Possint.
765 3221 1006 3292 possessione,sire
1018 3239 1173 3293 possessore.
1183 3252 1217 3261 -
1227 3226 1274 3273 Cs-

218 3300 333 3353 Presens
351 3300 438 3371 recepi
455 3319 471 3353 e
492 3302 550 3354 MS.
571 3302 655 3370 Bong.
676 3320 726 3372 pro
766 3298 838 3351 duco.
850 3296 1274 3355 Scil.boua:Gron.tamenidem

213 3391 322 3453 possent.
330 3381 408 3433 Recta
418 3380 489 3432 enim
495 3379 578 3431 oratio
583 3397 665 3451 quum
675 3382 727 3433 hoo
768 3376 849 3429 ethic
859 3378 959 3430 mavult
971 3378 1086 3429 σαώσω
1097 3374 1243 3449 (prodam).

218 3458 279 3511 loco
292 3458 405 3529 postulet
412 3470 524 3531 possunt,
538 3476 592 3511 non
600 3470 725 3529 poterone,
803 3476 828 3528 7.
841 3459 953 3509 Pertinet.
968 3457 1102 3521 Latinitas,
1113 3467 1143 3507 ut
1155 3456 1179 3521 ς.
1189 3454 1205 3507 3
1214 3465 1240 3505 et
1249 3453 1274 3520 5,

219 3536 248 3588 in
268 3537 373 3608 obliqua
393 3536 535 3591 dicendum
550 3538 656 3609 possint,
672 3556 727 3590 nou
768 3534 1017 3605 postulstpenineat.

214 3628 322 3687 possent.
805 3628 846 3663 ιο.
866 3618 1014 3683 Pepercernt.
1033 3609 1125 3663 Latine
1142 3607 1228 3661 ethic
1245 3621 1278 3664 ut

255 3694 281 3747 5.
293 3698 384 3747 Mortui
392 3707 477 3749 sunt...
487 3698 572 3749 reversi
581 3704 645 3745 sunt.
656 3693 726 3746 Lni-
767 3691 792 3757 S.
808 3691 839 3755 3,
852 3689 868 3742 5
883 3701 910 3741 et
924 3709 955 3761 7,
968 3685 1110 3741 dicendum
1123 3699 1179 3739 eret
1189 3706 1275 3759 peper-

219 3773 325 3827 ninset
337 3774 381 3827 hic
399 3774 514 3847 postulo
530 3770 727 3845 conjunctivum
767 3772 844 3820 ctssst.
864 3798 899 3810 -
921 3766 1044 3827 meret.
1068 3767 1223 3832 ὓειειειιι,
1246 3778 1277 3821 ut

219 3854 279 3915 sint,
295 3864 325 3903 ut
336 3854 359 3919 ς.
375 3854 399 3906 3.
767 3844 1274 3913 xx11,s,14;1.iv.xxvt,36,9;

258 3933 282 3981 6.
292 3934 535 3983 Possessionsvacuo.
547 3932 638 3995 Quum
647 3946 727 3982 rocus
768 3928 833 3980 Cres.
846 3925 880 3979 de
893 3926 957 3978 Bell.
971 3924 1030 3978 Civ.
1045 3923 1074 3989 1,
1083 3924 1132 3990 30,
1145 3926 1169 3977 5.

219 4010 349 4078 possessio
359 4010 404 4073 sit,
412 4028 493 4082 quum
502 4010 589 4063 nullus
597 4024 729 4080 possessor
805 4023 846 4059 ss.
859 4011 960 4057 Mortem
975 4002 1024 4055 stit
1034 4004 1154 4055 conscivit.
1168 4004 1221 4054 Aut
1232 4002 1274 4054 in·

220 4086 305 4141 adsit:
319 4089 438 4144 Gronov.
453 4102 540 4142 temen
553 4106 617 4141 avus
629 4086 729 4139 mavult
768 4084 827 4139 edio
852 4083 968 4149 interiit,
986 4095 1017 4137 nt
1040 4082 1121 4137 refert
1141 4078 1275 4135 Diodorus

220 4185 342 4233 nasoon,
365 4181 395 4223 ut
416 4166 503 4241 preda
524 4167 627 4222 dicatur
645 4180 728 4224 veona
767 4163 848 4229 XIV,
859 4180 901 4234 77.
