2967 4684
227 321 296 398 118
650 320 860 397 tustini

178 474 212 537 rr
224 462 335 549 captae
348 461 443 521 sunt
462 448 505 519 ln
523 470 567 520 eo
584 447 709 548 praelio
722 460 821 519 tanta
837 448 951 519 virtus
964 450 1189 548 singulorum
1202 446 1287 541 suit,

223 575 284 648 ut,
301 562 403 657 cujus
422 559 499 631 laus
519 561 635 657 prima
654 574 768 647 esset,
784 555 933 642 difficile
950 559 1127 655 judicium
1150 560 1287 634 videre-

180 682 212 736 ιε
225 670 421 743 tur.'lnter
447 684 596 741 ceteros
621 685 747 743 tamen
777 668 1027 743 Themistoclis
1053 670 1290 746 adolescentis

225 780 337 877 gioria
353 782 517 869 emicuit,
532 782 573 851 in
589 804 665 877 quo
678 781 753 876 jam
772 784 860 851 tunc
875 779 1015 854 indoles
1032 780 1161 855 iuturae
1178 788 1290 883 impe-

182 913 214 966 16
225 893 365 963 ratoriae
382 891 566 990 dignitatis
586 893 761 990 apparuit.
785 894 963 989 Cynaegiri
982 912 1147 992 quoque,
1170 894 1291 966 militis

226 994 475 1090 Atheniensis,
493 1002 605 1099 gloria
621 1004 761 1101 maguis
779 1004 998 1101 scriptorum
1017 1004 1183 1077 laudibus
1200 1003 1290 1077 cele-

182 1140 214 1199 ¹7
225 1109 330 1182 brata
344 1126 401 1187 eat
422 1140 431 1184 ι
454 1116 518 1211 qui
542 1128 626 1213 post
648 1109 761 1212 prelii
788 1115 999 1185 innumeras
1022 1114 1156 1202 caedes,
1176 1136 1294 1211 ,quum

225 1218 403 1319 fugientes
431 1220 554 1296 hostes
576 1222 624 1295 ad
655 1246 767 1297 naves
798 1225 947 1320 egisset,
972 1240 1139 1297 onustam
1163 1248 1294 1296 navem

227 1331 352 1405 dextra
366 1358 480 1406 manu
500 1336 636 1422 tenuit,
649 1358 719 1405 nec
732 1334 834 1431 prius
852 1334 1004 1420 dimisit,
1021 1360 1129 1431 quam
1146 1358 1294 1406 manunt

184 1446 429 1519 auritteret:
447 1459 524 1515 tum
541 1468 687 1541 quoque
702 1458 885 1542 amputata
898 1444 1041 1533 dextra,
1053 1468 1182 1515 navem
1195 1448 1296 1516 sinis·

229 1568 285 1625 tra
297 1553 597 1652 comprehendit:
615 1576 725 1650 quarn
738 1568 776 1623 et
791 1556 905 1650 ipsam
922 1578 1035 1651 quum
1052 1557 1241 1643 anneisset,
1252 1556 1297 1629 ad

77 1690 83 1699 ·
187 1690 219 1740 19
231 1679 455 1761 postremum
470 1686 596 1735 morsu
614 1686 745 1735 navem
764 1662 927 1733 detinuit.
947 1665 1099 1735 Tantam
1115 1665 1154 1734 in
1172 1666 1298 1735 eovir-

231 1789 345 1845 tutem
357 1772 481 1864 fuisse,
494 1790 625 1847 utnon
637 1788 692 1845 tot
705 1772 863 1845 caedibus
874 1770 1056 1871 fatigatus,
1069 1798 1146 1845 non
1159 1772 1302 1846 duabue

232 1884 401 1957 manibus
427 1888 564 1958 amissis
589 1887 727 1973 victus,
752 1899 904 1955 truncus
926 1884 973 1955 ad
997 1880 1243 1983 pestremtuu,
1265 1898 1301 1957 et

189 2019 222 2055 ιο
234 1993 345 2066 veluti
361 1994 488 2067 rabida
500 1992 594 2085 fera,
611 1994 783 2068 dentibus
797 1993 1027 2066 dimicaverit.
1041 1999 1209 2067 Ducenta
1221 1995 1301 2065 mil·

190 2134 220 2168 οι
234 2098 414 2176 lta‘Persae
432 2130 478 2177 eo
498 2106 640 2203 praeiic,
661 2108 740 2177 eine
761 2102 967 2204 naufragio,
983 2107 1143 2178 amisere.
1165 2105 1303 2178 Cecidit

236 2231 273 2287 et
287 2218 454 2316 Hippias,
474 2233 652 2316 tyrannus
670 2217 921 2307 Atheniensis,
941 2233 1067 2290 auctor
1085 2233 1122 2291 et
1139 2220 1305 2291 concitur

237 2318 314 2426 ejus
325 2325 431 2419 helii,
441 2330 510 2403 diis
526 2329 842 2429 pauiae.ult0ribus
853 2352 980 2429 peenas
991 2328 1249 2428 repetentibus.

210 2469 224 2505 1
287 2444 331 2509 X.
349 2444 492 2512 Interea
505 2457 541 2512 et
557 2442 707 2529 Darius,
727 2460 842 2537 quum
862 2439 998 2513 beilum
1012 2455 1247 2527 restauraret,
1267 2441 1305 2510 in

240 2553 321 2650 ipso
333 2552 508 2651 adparatu
519 2550 676 2639 decedit,
686 2551 820 2621 relictis
829 2551 951 2620 multis
965 2548 1064 2636 filiis,
1077 2563 1113 2620 et
1125 2551 1163 2618 in
1175 2573 1306 2645 regno,

211 2676 277 2733 net
294 2676 378 2731 ante
394 2684 547 2759 regnum
561 2662 746 2758 susceptis.
764 2664 816 2731 Ex
834 2658 891 2729 his
909 2663 1119 2739 Artemenes
1132 2658 1308 2731 maximus

241 2798 349 2868 natu,
363 2785 474 2853 aetatis
490 2782 693 2881 privilegio,
706 2804 861 2879 reguum
879 2780 948 2852 sibi
962 2778 1191 2851 vindicabat:
1209 2780 1309 2879 quod

238 2894 315 2990 jus,
338 2906 375 2965 et
398 2891 490 2963 ordc
513 2892 704 2983 nascendi,
720 2908 757 2967 et
775 2907 904 2965 natura
921 2895 998 2991 ipsa
1011 2890 1181 2990 gentibus
1200 2892 1309 2968 dedit.

243 3104 305 3159 Duoe
314 3110 394 3179 primo
405 3126 522 3160 comm
535 3120 611 3180 captoe
623 3122 693 3161 eram
704 3116 755 3161 Pu·
797 3106 874 3161 nitivi
894 3104 1091 3160 construetione
1104 3103 1132 3157 iu
1144 3104 1244 3158 Nostro
1258 3102 1310 3157 ire·

158 3180 162 3188 ’
244 3188 306 3238 nicoe
315 3198 664 3259 naves,quetnorsupprersoe.
678 3206 724 3240 un.
798 3187 889 3257 quenti
901 3186 971 3239 coni.
987 3198 1044 3238 not.
1059 3183 1093 3237 ad
1104 3202 1161 3254 cap.
1179 3191 1224 3247 πά,
1237 3200 1263 3250 9.

282 3265 323 3319 15.
341 3264 509 3319 modis.
526 3268 614 3332 Quem
627 3284 710 3319 uuum
723 3285 758 3319 ex
835 3259 1312 3335 aLCeciditetli'Wpias.Hippirmpru·

245 3360 344 3398 noveru
367 3343 494 3399 Miltiadi·
516 3340 642 3416 collegia,
665 3344 758 3398 decem
799 3342 836 3395 lto
844 3339 1106 3407 adtuiestterodot.
1115 3356 1222 3410 quoqne
1232 3337 1313 3389 refert

245 3422 402 3495 praetoribus
412 3423 491 3476 fuisse
501 3424 580 3477 refert
591 3426 657 3477 Piut
667 3425 695 3477 iu
705 3424 759 3477 vita
801 3416 1310 3493 V1,102u107;demotusgeneresitet.

247 3503 327 3557 Arist.
341 3520 390 3573 cap
419 3502 443 3555 5.
466 3502 507 3554 De
529 3503 668 3575 Cynegiro
688 3500 761 3554 idem
836 3500 870 3552 X.
891 3520 913 3554 r.
931 3500 1021 3552 nemim
1035 3508 1187 3549 restauraret.
1201 3494 1311 3565 Recepit

247 3581 328 3633 refert
346 3579 475 3633 Herodot.
493 3580 515 3625 V
520 3580 551 3646 1,
568 3584 631 3647 rii,
652 3580 697 3633 ubi
716 3581 759 3635 eir
802 3580 923 3634 Gronov.
947 3590 1007 3631 cunt
1034 3576 1187 3631 Oxoniense
1209 3572 1312 3626 editore

248 3664 323 3728 χιῖμ
329 3664 465 3717 &auertit
474 3664 572 3715 πελέκει
581 3659 762 3716 πῐπιιευιιάο
803 3663 954 3721 Instaurant,
968 3656 1045 3709 bene.
1057 3656 1125 3707 Nam
1138 3648 1168 3700 ‘tt'
1179 3662 1313 3707 restam&

248 3738 336 3805 vides,
352 3736 511 3792 mention
527 3741 587 3791 ioco
600 3741 625 3807 ς.
647 3756 762 3811 17,n0n
803 3737 929 3809 ignorant
952 3734 1074 3787 melioret
1101 3730 1187 3784 latine
1215 3729 1313 3800 liuguae

249 3834 311 3869 cum
327 3818 449 3871 Gronov.
466 3838 517 3872 avo
528 3830 554 3872 et
567 3818 673 3873 nmio
686 3816 763 3869 uncie
804 3826 932 3869 auctores.
947 3830 992 3865 nu.

250 3896 675 3969 eaceincludeudarn,quum,hcc
682 3914 761 3951 vocn-
840 3914 864 3947 α.
879 3900 1024 3945 Ananenes.
1043 3887 1221 3949 Anaburanes,
1241 3882 1314 3957 quod

249 3975 314 4026 bulo
333 3972 420 4028 deleto
441 3974 475 4028 ad
491 3980 620 4040 amdteret,
634 3996 666 4029 ex
680 3994 759 4049 proc.
802 3973 883 4026 habet
894 3967 1022 4023 Herodot.
1037 3966 1108 4030 VH,
1121 3984 1149 4027 a,
1162 3977 1200 4017 est
1210 3964 1238 4017 in
1248 3961 1310 4014 edit.

251 4052 462 4107 subaudiendum
468 4067 534 4107 essct
542 4074 634 4107 navem.
804 4052 876 4115 cot,
890 4050 958 4102 eicut
968 4044 1147 4107 Artabannes,
1162 4043 1190 4094 in
1200 4038 1259 4093 Atd.
1272 4040 1314 4092 Fi·

288 4152 330 4202 ¹9·
347 4140 476 4186 Tantam...
484 4132 571 4197 ῥήσει.
585 4134 626 4186 De
636 4132 688 4186 hac
700 4131 762 4186 inti-
803 4132 854 4185 lice
868 4128 941 4183 Darii
951 4146 982 4181 ex
992 4126 1106 4197 Gcbryrc
1119 4121 1172 4175 iiiia
1184 4116 1312 4171 Herodot.
