2967 4684
671 332 880 407 tusttttt

325 414 335 440 t

274 534 304 574 ν
322 506 410 571 tuu,
426 515 442 547 s
455 465 549 573 quod
565 486 603 532 se
618 472 701 557 post
716 468 770 526 tot
784 476 903 523 annos
920 454 1153 524 emeritorum
1171 456 1306 551 stipen-

277 549 769 683 dilor¹‚sue11ntesd0mum
783 586 865 632 cum
879 564 1033 660 praemiis
1047 576 1101 632 tot
1112 560 1305 653 bellorum,

263 653 305 791 lt»
319 718 390 807 ipsa
405 690 568 767 missione
583 699 706 749 rursus
723 675 762 742 in
782 696 917 743 novam
936 672 1098 743 militiam
1117 676 1306 747 immensa·

233 772 270 902 oi
286 846 328 897 ue
345 808 433 886 bello
451 788 683 871 revocaverit,
697 799 734 855 et
746 809 766 855 a
778 782 914 854 laribus
928 786 1001 880 jam
1018 782 1178 881 quodam
1194 786 1304 857 modo

233 901 238 914 ⁸
258 853 338 1015 luis,
353 936 386 993 er
399 906 445 984 ab'
462 912 539 1005 ipso
553 899 676 969 limine
692 896 814 992 patriae
830 894 1023 985 abductos,
1034 896 1207 968 inanibus
1221 922 1305 995 pro·

217 1084 245 1121 ,ο
257 996 363 1115 ,nisos
374 1014 568 1114 deceperit:
582 1030 683 1078 nunc
696 1030 844 1103 quoque
858 1008 994 1077 amissis
1008 1005 1180 1078 omnibus
1193 1005 1306 1079 felicis

254 1142 378 1221 militiae
392 1119 599 1227 questibus,
611 1140 659 1186 ne
673 1118 788 1187 victos
801 1116 948 1214 quidem
961 1118 1000 1188 in
1012 1120 1142 1189 misera
1154 1133 1190 1188 et
1202 1120 1305 1217 inopi

212 1258 390 1335 usenecta
419 1232 602 1332 quiescere
635 1227 771 1297 sinat.»
796 1230 934 1325 Ignaris
965 1226 1097 1299 deinde
1129 1228 1304 1317 ducibus,

251 1351 434 1437 confestim
459 1338 502 1410 ad
530 1337 752 1433 Antigonum
773 1335 908 1435 legatos
932 1340 1100 1427 mittunt,
1121 1353 1304 1439 petentes,

252 1508 268 1541 «
281 1484 318 1543 ut
337 1482 397 1535 suu
416 1448 517 1525 reddi
533 1447 669 1544 jubeat.
687 1452 722 1518 ls
742 1448 970 1520 redditurum
989 1474 1027 1520 se
1050 1449 1255 1547 pollicetur,
1274 1451 1304 1519 si

208 1621 236 1656 o
250 1586 437 1657 luiturucm
461 1558 530 1631 sibi
557 1556 741 1631 tradant.»
764 1560 905 1650 Quibus
930 1563 1103 1658 cognitis,
1124 1566 1303 1632 Eumenes

247 1706 326 1766 orm
345 1673 467 1779 liuticis
483 1668 607 1768 fugere
626 1673 802 1742 tentavit:
819 1670 881 1741 sed
899 1686 1094 1761 retractus,
1109 1670 1304 1770 desperatis

244 1794 365 1873 mlius,
380 1806 493 1881 quum
508 1805 709 1867 concursus
724 1780 966 1854 multitudinis
985 1780 1101 1855 laeuis
1117 1797 1227 1871 esset,
1243 1808 1303 1881 pe·

244 1914 301 1983 ut.
319 1910 357 1971 ut
375 1907 600 1993 postremum
619 1891 687 1963 sibi
706 1891 854 1991 adloqui
873 1895 1072 1963 exercitum
1090 1894 1225 1965 liceret.

216 2045 227 2087 r
290 2012 342 2087 tv.
359 2011 377 2077 J
381 2028 484 2076 ussus
502 2002 549 2073 ab
567 2004 746 2073 universis
763 2002 900 2090 dicere,
915 2000 1012 2073 facto
1031 2002 1193 2090 silenti0,
1208 1999 1304 2072 laxa·

242 2141 356 2217 tuque
375 2114 548 2203 vinculis,
569 2114 767 2213 prolatam,
790 2116 883 2185 sicut
907 2128 983 2185 erat
1006 2128 1212 2202 catenatus,
1229 2137 1303 2184 ma·

217 2252 327 2306 suttm
358 2223 549 2296 ostendit:
574 2226 786 2313 «cernitis,
807 2225 955 2313 milites,
978 2224 1116 2322 inquit,
1138 2224 1301 2294 habitum

238 2369 253 2410 s
274 2352 382 2435 utque
402 2351 618 2435 ornaments
643 2334 746 2407 ducis
766 2338 893 2425 vestri,
911 2362 990 2435 quae
1010 2334 1099 2406 mihi
1120 2360 1198 2406 non
1218 2334 1302 2405 hos-

237 2480 253 2519 s
273 2450 363 2520 tium
382 2449 573 2545 quisquam
595 2448 791 2547 imposuit:
812 2458 896 2517 nar'n
915 2446 988 2518 hoc
1006 2448 1114 2517 etiam
1132 2445 1223 2515 mihi
1244 2470 1303 2515 so-

212 2587 252 2635 t«
272 2558 357 2629 latio
381 2554 484 2627 foret.
505 2562 579 2627 Vos
604 2582 662 2628 mc
685 2584 731 2629 ex
754 2560 892 2629 victore
916 2558 1073 2645 victum,
1092 2582 1157 2627 vos
1176 2580 1234 2626 me
1256 2580 1300 2626 ex

236 2697 253 2737 a
273 2670 488 2765 imperatore
506 2670 690 2764 captivum
703 2666 847 2741 fecistis.
859 2672 994 2759 Quater
1007 2672 1104 2740 intra
1117 2668 1217 2738 hunc
1234 2690 1299 2737 an-

209 2800 253 2861 t«
272 2803 362 2851 num
383 2780 422 2847 in
444 2802 523 2847 mea
545 2778 657 2849 verba
675 2781 912 2878 jurejurando
931 2780 1095 2853 obstricti
1117 2780 1209 2849 estis.
1230 2777 1297 2849 Sed

236 2920 254 2957 a
274 2892 341 2961 ista
356 2890 486 2960 omitto
500 2889 643 2986 (neque
659 2893 758 2959 enim
775 2893 925 2963 miseros
941 2893 1107 2965 convicia
1122 2888 1275 2985 decent)
1290 2917 1298 2958 τ

209 3024 254 3075 5«
271 3023 387 3071 unum
409 3023 494 3087 or0‚
508 3000 537 3069 si
552 3002 824 3099 propositorum
843 3004 1013 3101 Antigoni
1030 3005 1069 3073 in
1085 2997 1167 3073 meo
1183 3002 1299 3099 capite

206 3139 254 3190 p«
272 3132 413 3180 summa
437 3110 620 3197 consistit,
647 3112 829 3185 intervos
853 3106 921 3185 me
938 3114 1053 3186 velitis
1079 3115 1182 3184 mori.
1207 3116 1298 3184 Nam

235 3252 253 3287 s
272 3243 392 3317 neque
416 3218 509 3302 illius
531 3222 700 3312 interest,
728 3225 1036 3322 quemadmodum
1064 3238 1127 3295 aiit
1151 3221 1215 3294 ubi
1242 3246 1300 3293 ea·

206 3364 252 3425 7“
271 3332 373 3419 dom3
388 3344 425 3401 et
443 3355 509 3428 ego
528 3329 631 3403 fuero
648 3335 848 3432 ignominia
867 3337 995 3407 mortis
1017 3334 1200 3405 liberatus.
1219 3340 1298 3405 Hoc

235 3478 253 3513 α
271 3445 300 3517 si
324 3445 501 3542 impetr0,
523 3445 624 3515 solvo
646 3472 710 3517 vos
727 3448 986 3544 jurejurando,
1006 3471 1081 3543 quo
1106 3448 1212 3522 toties
1233 3470 1298 3516 vos

269 3647 295 3698 8.
309 3650 356 3696 Tot
365 3664 444 3697 annos
455 3647 744 3718 emeritormmtpeudio·
784 3648 883 3721 praeivi.
902 3648 1030 3699 Ceterum
1050 3664 1083 3699 ex
1103 3647 1222 3699 oratione
1243 3646 1298 3697 En·

233 3740 292 3774 rum.
301 3724 356 3775 Tot
365 3724 441 3775 anuis
450 3736 511 3794 post
523 3724 630 3777 emerita
644 3726 744 3798 stipen-
785 3727 855 3779 rneni
876 3744 890 3777 a
907 3726 1048 3778 Plutarcho
1067 3742 1125 3797 cop.
1142 3726 1174 3777 3²
1187 3724 1298 3789 tributa,

233 3799 277 3853 dia
288 3814 334 3852 :ot
342 3801 510 3867 xxxvut,
522 3804 552 3868 8,
565 3822 576 3857 1
586 3842 594 3867 ,
599 3817 659 3875 post
667 3824 745 3857 annos
786 3804 903 3859 diversos
913 3804 1044 3875 conspicis
1052 3822 1108 3855 non
1117 3804 1296 3875 imperatores,

232 3882 324 3947 viginti
333 3883 405 3929 sunta·
414 3884 496 3950 regni,
511 3880 540 3933 id
552 3894 607 3946 est,
621 3884 697 3937 annis
712 3902 745 3935 so
786 3883 832 3936 sed
845 3884 1000 3956 scriptores,
1010 3881 1056 3954 qui
1066 3900 1099 3934 ex
1109 3900 1157 3933 suo
1166 3896 1299 3953 quemque

234 3969 296 4031 post
309 3969 424 4009 comtum
437 3978 560 4030 regnum.
786 3963 972 4034 imperatorem
985 3960 1093 4032 ingenio
1107 3959 1222 4031 lingunt.

269 4036 319 4089 IV.
333 4034 359 4087 3.
373 4041 404 4086 In
419 4055 471 4088 m
485 4038 562 4090 verba
572 4040 743 4110 jurejurando.
819 4060 845 4109 7.
860 4046 921 4107 Quo.
934 4041 1019 4092 Gron.
1030 4056 1094 4091 avus
1104 4038 1173 4089 bene
1186 4034 1297 4105 corrigit

233 4111 508 4189 torquatosque
517 4119 596 4173 verbe
608 4137 659 4191 ego
668 4119 746 4173 robis
785 4122 834 4191 qui.
858 4118 925 4171 Nam
948 4117 1038 4189 inepte
1062 4114 1206 4185 tautologia
1225 4132 1232 4167 :
1250 4132 1297 4186 quo
