2967 4684
251 398 323 482 roa
675 395 886 465 Jusrmr

249 518 559 616 metuendumque
571 515 639 588 sibi
652 543 801 614 quoque
820 523 1002 589 certamen
1019 541 1163 607 eorum,
1176 519 1239 615 qui
1251 543 1309 590 su·

221 651 238 699 s
250 633 411 727 periores
423 630 661 701 exstiterint.»
674 635 753 699 Hoc
767 642 959 727 praetextu,
972 627 1077 699 finito
1091 651 1175 700 cum
1188 627 1310 700 AEtolis

249 739 364 827 bello,
386 739 479 811 nihil
502 738 619 826 aliud,
640 763 748 837 quam
771 743 967 812 Poenorum
990 743 1310 838 Romanorumque

218 850 343 929 7bella
366 853 581 951 respiciens,
600 849 825 946 singulorum
848 852 941 922 vires
960 849 1219 949 perpendebat.
1241 851 1310 926 sed

248 986 317 1032 nec
330 961 502 1048 Romani,
517 960 657 1031 tametsi
674 963 777 1031 Poeni
796 975 832 1030 et
849 959 1032 1032 Hannibal
1048 963 1087 1031 in
1110 959 1309 1034 cervicibus

218 1087 371 1159 terant,
394 1070 501 1142 soluti
525 1086 625 1142 metu
646 1070 885 1142 Macedonico
904 1070 1149 1144 videbantur:
1174 1074 1309 1170 quippe

246 1180 406 1252 terrebat
426 1205 489 1252 eos
514 1195 550 1252 et
577 1195 680 1252 vetus
704 1179 949 1252 Macedonum
973 1183 1103 1272 virtus,
1123 1198 1160 1254 et
1179 1181 1332 1254 devicti.

245 1295 404 1364 Orientis
422 1291 551 1390 gloria,
563 1306 601 1364 et
613 1291 801 1391 Philippus
821 1293 940 1365 studio
957 1291 1152 1364 Alexandri
1165 1293 1309 1366 aemula-

244 1406 355 1476 tionis
367 1406 558 1493 incensus,
570 1427 682 1501 quem
695 1418 883 1502 promtum
902 1406 942 1474 iu
962 1402 1057 1474 bella
1073 1402 1309 1476 industrium·

244 1540 317 1614 que
336 1529 596 1613 cognoverant

217 1655 231 1693 ι
291 1631 349 1698 IV.
362 1627 475 1721 Igitur
490 1624 696 1724 Philippus,
710 1649 842 1723 quum,
860 1626 988 1697 iterato
1006 1623 1147 1723 praelio,
1157 1627 1272 1698 victos
1289 1649 1310 1697 a

243 1739 365 1809 Poenis
388 1741 573 1808 Romanos
591 1734 790 1823 didicisset,
806 1749 928 1834 aperte
942 1734 1085 1808 hostem
1103 1759 1141 1807 se
1158 1734 1216 1806 his
1229 1760 1309 1834 pro

243 1845 375 1934 lessus,
389 1869 519 1934 naves,
534 1843 668 1942 quibus
680 1845 719 1916 in
739 1844 878 1917 Italiam
896 1847 1095 1918 exercitum
1112 1848 1307 1943 trajiceret,

215 1985 231 2018 2
243 1957 420 2029 fabricare
433 1958 553 2056 coepit.
567 1961 740 2054 Legatum
755 1954 887 2028 deinde
902 1956 948 2028 ad
961 1956 1217 2046 Hannibalem,
1228 1959 1309 2055 jun-

214 2067 369 2166 agendae
385 2069 566 2140 societatis
577 2069 706 2168 gratia,
720 2092 805 2140 cum
821 2067 981 2168 epistolis
993 2071 1103 2140 mittit
1115 2097 1123 2139 :
1136 2071 1199 2167 qui
1214 2093 1311 2141 com-

242 2178 467 2279 prehensus,
488 2194 525 2250 et
543 2178 588 2250 ad
612 2194 779 2250 senatum
803 2178 1022 2278 perductus,
1045 2179 1238 2252 incolumis
1259 2178 1311 2251 di·

243 2294 373 2363 missus
395 2305 469 2381 est,
492 2313 569 2361 non
592 2292 632 2360 in
660 2289 842 2362 honorem
866 2291 978 2388 regis,
1000 2290 1063 2362 sed
1086 2315 1155 2380 ne,
1176 2289 1309 2363 dubius

216 2402 384 2492 tadhue,
407 2400 634 2484 indubitatus
659 2399 774 2472 hostis
797 2399 1018 2472 redderetur.
1048 2405 1174 2473 Postea
1202 2425 1309 2488 vero,

245 2538 360 2610 quum
371 2514 545 2583 Romanis
558 2514 766 2583 nuntiatum
778 2527 887 2600 esset,
899 2514 939 2581 in
953 2511 1090 2584 Italiam
1102 2511 1308 2611 Philippum

245 2626 368 2722 copias
381 2623 634 2719 trajectarum,
648 2626 832 2694 Laevinum
848 2636 1041 2721 praetorem
1056 2646 1139 2693 cum
1156 2623 1309 2692 instruc·

279 2867 305 2917 7.
325 2848 435 2898 runem.
450 2845 561 2917 Aptius,
579 2845 652 2918 quod
670 2846 757 2900 estin
796 2845 888 2898 missos
896 2845 1308 2912 esse,cludisCunuemisuuntio

246 2923 308 2977 edd.
322 2925 403 2994 autiq-
419 2943 479 2989 sex,
493 2924 587 2996 quibus,
602 2924 655 2977 hoe
665 2941 755 2977 semu:
796 2935 913 2995 accepto.

245 3015 324 3072 atque
335 3014 366 3054 ut
376 3002 516 3073 Philippus
528 3005 662 3056 Romanos
680 3003 757 3064 time·
832 3002 857 3054 3.
868 3002 917 3052 Sed
925 3022 955 3054 ne
961 3042 970 3067 ,
981 3001 1068 3054 datm
1077 3001 1186 3055 adhuc...
1195 3001 1308 3054 reddere·

243 3080 303 3144 bat,
316 3081 353 3134 sic
371 3091 398 3133 et
417 3081 527 3134 Romani
546 3081 704 3135 Macedonas
720 3083 756 3136 ti-
797 3092 843 3133 tur.
856 3081 974 3146 Scilicet,
987 3101 1042 3136 nou
1052 3094 1083 3134 ut
1093 3099 1185 3153 regem
1195 3081 1309 3134 honora·

243 3159 366 3224 mebant,
386 3157 482 3230 quihus
501 3161 579 3228 (eum
597 3160 665 3231 illis)
682 3161 756 3214 Poeui
796 3171 852 3224 ret,
865 3157 911 3212 sed
923 3177 957 3212 ue
969 3159 1124 3231 Philippus,
1138 3157 1172 3211 de
1190 3177 1243 3230 quo
1256 3157 1308 3212 du·

244 3250 320 3292 eram
327 3237 356 3289 in
366 3237 521 3291 cervicibus.
531 3239 566 3290 At
576 3238 636 3311 quis
645 3239 755 3293 sensus?
794 3235 902 3303 btubu,
911 3237 1027 3292 aurellet
1034 3237 1086 3309 ipsi
1094 3237 1193 3290 bellum
1201 3236 1310 3304 inferre,

243 3316 371 3382 Romani,
384 3319 430 3368 em·
447 3335 461 3368 a
478 3316 564 3370 Poenis
577 3318 755 3389 urgebantur,
794 3318 973 3390 impelleretur
981 3314 1015 3370 ad
1023 3317 1122 3369 bellum
1131 3315 1309 3370 inferendum.

243 3409 332 3450 tamen
342 3394 669 3450 metuebuutMaoedouas.
795 3398 836 3450 De
848 3415 878 3449 re
893 3408 993 3462 autem,
1011 3393 1045 3448 de
1062 3395 1230 3467 Xenophane
1242 3396 1308 3448 Phi-

280 3477 306 3530 8.
319 3476 411 3526 Deor'rti
422 3475 533 3526 Orientis.
545 3475 622 3527 Cous.
637 3472 755 3540 XVIII,
795 3475 864 3548 lippi
874 3476 961 3547 legato
970 3493 1000 3528 ac
1011 3473 1064 3527 suis
1074 3475 1110 3527 ita
1122 3473 1181 3528 Liv.
1192 3473 1309 3539 XXIII,

245 3573 275 3618 1,
290 3571 321 3618 ²3
337 3550 418 3618 XIV,
435 3571 466 3617 2,
479 3569 513 3620 93
533 3563 560 3603 et
577 3570 636 3623 cap.
654 3559 686 3618 4,
706 3569 755 3620 193
796 3557 925 3625 captiuisiu
936 3553 1035 3604 vincula
1045 3551 1159 3616 comnis,
1171 3552 1308 3604 combibiss-

244 3629 357 3698 xxm,
377 3637 411 3695 4,
432 3647 449 3697 9
473 3646 480 3680 :
501 3629 624 3701 Philippus
646 3633 756 3682 incensus
796 3651 842 3705 que
855 3650 934 3683 comm
947 3631 991 3684 sub
1004 3631 1074 3682 hasta
1082 3629 1197 3696 omdub,
1208 3644 1257 3685 etc.
1267 3631 1309 3684 De

243 3710 323 3780 gloria
335 3727 413 3760 mrum
426 3706 458 3758 ab
467 3708 609 3760 Alexandro
619 3721 753 3779 gestamur,
795 3709 948 3764 dimissione
959 3729 1051 3764 eorum
1060 3711 1136 3763 nihil.
1148 3729 1194 3764 uu.

244 3807 313 3859 quem
325 3789 434 3840 molari
442 3787 561 3840 studebat,
831 3795 857 3851 4.
870 3793 989 3842 Ioevittum
995 3801 1123 3861 proetorem
1136 3801 1186 3842 etc.
1200 3788 1239 3840 Μ.
1252 3787 1309 3840 Vu-

281 3867 333 3924 lV.
349 3885 372 3920 ι.
385 3873 476 3920 ltemto
482 3869 578 3939 proelio.
593 3868 635 3920 De
646 3886 701 3940 quo
712 3867 756 3922 ndi
795 3867 890 3922 lerium
902 3868 1037 3922 laevinum
1050 3881 1190 3940 pretorem
1201 3885 1243 3920 uu.
1257 3867 1308 3920 ⁵38

134 3987 144 4001 .
246 3943 433 3999 Cormimha
443 3945 604 3998 Hannibalis
720 3971 725 3978 ·
795 3944 937 4000 Brundisio
950 3947 1060 4000 Oricum
1075 3946 1204 4018 trajecisse
1220 3957 1312 3998 namt

283 4041 309 4076 a.
322 4029 437 4092 Ieguttuu
447 4023 535 4076 deiude
544 4035 594 4077 etc.
605 4023 683 4077 cont.
695 4025 753 4080 Liv.
796 4025 855 4078 Liv.
866 4023 972 4089 XXIV,
984 4023 1086 4096 40,qui
1098 4021 1206 4088 XXVI,
1217 4025 1310 4088 24²6,

246 4098 346 4153 XXIII
353 4137 361 4165 ,
374 4101 422 4165 33,
432 4102 479 4172 qui
493 4121 535 4154 m.
551 4103 600 4172 537
615 4102 696 4154 refert
705 4103 756 4158 hos
796 4103 931 4175 quomodo
945 4105 1047 4158 AEtolos
1059 4104 1087 4156 in
1098 4103 1253 4174 Philippum
1262 4118 1310 4152 ex-

247 4197 261 4230 a
278 4177 403 4281 Phlilippo
415 4177 515 4250 legator
533 4178 567 4234 ed
586 4179 757 4236 Hannibalem
797 4183 877 4238 citare
889 4181 1032 4252 studuerit,
1043 4193 1132 4238 narrat
1143 4179 1177 4236 ad
1190 4199 1232 4234 au.
1248 4183 1310 4243 541.

295 4302 307 4334 Ι
