2967 4684
352 335 733 406 HISTORIARUM
757 339 919 410 LIBER
942 340 1125 411 XXXIV.
1198 335 1271 429 443

255 459 312 528 IV.
338 455 475 528 Eodem
502 453 576 528 fere
606 471 770 558 tempore
796 462 960 550 Prusias,
985 481 1055 534 rex
1076 461 1298 560 Bithyniae„

208 566 398 638 consilium
413 569 508 668 cepit
520 567 765 641 interficiendi
772 573 981 644 Nicomedis
992 571 1074 662 filii,
1086 573 1173 646 dum
1187 600 1274 647 con-

208 677 325 749 sulere
347 679 467 750 studet
488 679 693 753 minoribus
715 679 814 772 filiis,
837 708 931 781 quos
953 709 998 755 ex
1019 709 1177 758 noverca
1197 687 1275 783 ejus

210 803 435 888 susceperat,
452 805 487 860 et
503 795 625 864 Romae
641 789 811 866 habebat.
827 793 898 866 Sed
913 821 972 866 res
989 794 1211 882 adolescenti
1228 795 1274 868 ab
1288 827 1303 862 ι

211 899 288 989 his,
313 901 376 999 qui
406 897 547 976 facinus
575 919 833 1002 susceperant,
858 905 1045 1006 proditur3
1068 905 1277 1006 hortatique

213 1027 315 1098 sunt,
332 1041 349 1078 α
364 1027 405 1083 ut
422 1012 632 1088 crudelitate
647 1018 760 1114 patris
773 1032 1007 1117 provocatus,
1021 1033 1178 1118 occupet
1191 1017 1279 1089 insi-

214 1122 310 1208 dias,
327 1138 364 1195 et
378 1125 416 1194 in
430 1139 616 1197 auctorem
632 1141 842 1224 retorqueat
859 1125 987 1199 scelus.
997 1126 1106 1200 n'Nec
1123 1125 1309 1199 diffieilisa

213 1235 398 1338 persuasio
413 1231 491 1306 fuit.
505 1238 635 1335 Igitur,
649 1257 764 1335 quum
783 1239 918 1310 accitus
937 1239 978 1307 in
997 1239 1108 1336 patris
1126 1261 1282 1335 regnum

214 1349 386 1436 venisset,
398 1349 517 1418 statim
531 1373 595 1420 rex
606 1346 817 1447 appellatur.
828 1350 971 1420 Prusias
981 1371 1097 1444 regno
1110 1348 1283 1446 spoliatus
1296 1365 1312 1424 t

216 1483 235 1530 a
252 1456 344 1544 filio,
362 1460 595 1557 privatusque
612 1457 793 1546 redditus,
806 1459 914 1530 etiam
928 1483 950 1528 a
966 1459 1079 1529 servis
1096 1457 1283 1529 deseritur.

216 1572 338 1659 Quum
356 1573 396 1640 in
418 1568 564 1642 latebris
586 1584 726 1668 ageret,
747 1593 826 1638 non
848 1569 982 1640 minori
1003 1568 1155 1657 scelere,
1176 1581 1313 1666 quam5

216 1679 333 1752 fitium
351 1681 470 1753 occidi
485 1683 662 1778 jusserat,
678 1705 699 1751 a
714 1677 792 1751 filio
810 1677 1040 1752 interficitur.

219 1853 298 1908 conf.
308 1853 430 1910 Medteh.
442 1853 471 1917 1,
482 1872 513 1924 73
527 1853 636 1926 Joeeph.
647 1853 731 1926 antiq.
774 1851 904 1919 XXXII,
924 1872 980 1928 quo
997 1851 1052 1905 hoc
1066 1851 1140 1907 idem
1150 1864 1290 1922 narratur,

219 1925 734 2003 X111,16,etuv.ttpitxtv1:uun0
773 1931 893 1984 referum
914 1929 948 1983 ad
969 1932 1000 1982 Α.
1021 1931 1058 1983 U.
1076 1935 1138 1986 606.
1158 1931 1291 2004 Equidem

219 2011 521 2086 Antiocbmpuemmcum
526 2013 734 2084 Lysntutoreejru
776 2029 838 2064 oum
851 2009 971 2064 Freinah.
985 2009 1014 2063 in
1024 2010 1118 2081 Suppl.
1131 2011 1191 2064 Liv.
1201 2012 1238 2077 L,
1249 2029 1291 2078 ιι,

221 2092 365 2154 Danetrius,
381 2090 472 2142 Sebettcr'
480 2088 563 2160 fidus,
579 2095 622 2163 qui
637 2096 735 2143 Romam
775 2088 855 2142 retuli
869 2087 902 2141 ed
914 2106 956 2141 en.
972 2088 1032 2142 605.
1045 2119 1079 2128 -
1088 2089 1207 2141 Habebat.
1221 2092 1293 2144 Bene

222 2168 290 2220 obses
297 2167 483 2234 missusfiterat,
493 2169 563 2234 clam,
576 2171 633 2242 quia
642 2172 736 2221 minim
776 2181 803 2220 et
813 2167 930 2220 historie
942 2166 1132 2221 convenienter
1141 2169 1235 2240 (quum
1244 2186 1293 2220 rex

224 2246 385 2298 dutinebatur
397 2265 413 2298 a
430 2250 554 2310 homnis,
568 2249 699 2312 ιἰιιειειιιίι,
714 2257 739 2297 ee
776 2265 833 2299 non
841 2246 912 2300 filine
921 2247 1052 2310 minoren,
1061 2244 1108 2298 aed
1119 2245 1293 2300 Nicomedem

226 2327 274 2398 irae
285 2329 420 2396 ueregntun
431 2337 547 2397 receptus.
559 2324 602 2378 Ad
614 2326 687 2380 hunc
699 2327 738 2378 lo·
777 2327 869 2378 Romae
887 2324 1012 2391 heberet,
1031 2335 1096 2376 teate
1117 2325 1240 2395 Appiano
1259 2322 1293 2379 de

227 2401 738 2476 cumGroeviusNoetriverbaitecorrigi
778 2404 852 2456 Bello
871 2401 1070 2470 Mithridatico)
1090 2421 1159 2454 unua
1175 2400 1260 2455 oodex
1279 2420 1295 2454 a

227 2483 303 2548 vult,
316 2482 475 2534 etmtoribus.
779 2480 919 2536 Gronovio
938 2493 1036 2552 nepote
1055 2480 1188 2552 inspectus
1208 2478 1293 2551 :filii,

263 2559 315 2615 IV.
329 2580 351 2615 r.
365 2565 472 2614 Prueias.
487 2559 598 2633 Respice
610 2557 739 2626 XXXII,
780 2579 849 2633 quem
861 2580 878 2611 a
891 2579 918 2612 se
927 2558 1077 2629 ablegantur,
1089 2559 1188 2612 suadem
1200 2563 1298 2612 minori

230 2643 260 2706 A,
273 2658 305 2706 ²3
323 2638 359 2692 de
372 2643 448 2712 cujus
460 2641 532 2711 turpi
548 2636 674 2692 adversus
685 2641 739 2690 Ro·
781 2637 932 2708 deifluo...
941 2649 1084 2709 emceperat,
1095 2643 1177 2690 biom
1184 2638 1296 2691 babebat.

230 2737 321 2772 manoe
333 2717 482 2772 adulatione
490 2715 534 2771 adi
545 2715 625 2771 Diod.
635 2715 740 2782 xxxi,
783 2749 819 2759 -
848 2717 947 2771 Confer
983 2729 1104 2770 nostium
1138 2716 1299 2789 Sophoclem

232 2799 357 2871 ⁵:12qu
375 2796 490 2856 editore·
513 2797 608 2871 fragm.
630 2814 662 2870 ¹7
680 2796 744 2850 libri
786 2803 814 2850 Ρ.
827 2796 961 2861 comatae,
974 2795 1113 2850 uuonan
1127 2814 1172 2850 en
