2967 4684
249 351 255 419 -’
355 385 1050 488 nrsronmnuutmnaaxm.
1159 395 1228 491 lna

167 515 299 588 taciti:
327 512 372 585 ad
408 511 641 599 faciendum,
669 495 785 609 quam¹
810 513 857 585 ad
885 514 1078 586 dicendum
1107 542 1231 615 prom·

166 629 303 698 tiores:
326 624 482 722 proinde
504 621 663 695 secunda
686 621 907 724 adversaque
928 625 1071 698 silentio
1094 642 1229 726 tegunt.

166 731 398 832 Principibus
416 748 532 820 metu,
549 756 627 803 non
646 730 787 830 pudore
808 748 962 833 parent:
978 738 1018 806 in
1041 735 1229 810 libidinem
1243 766 1259 812 o

167 847 338 944 projecti,
361 847 400 914 in
428 842 549 914 cibum
577 845 687 941 parci.
715 841 818 915 Fides
844 844 948 917 dictis
972 837 1230 947 promissisque
1246 871 1277 909 ¹⁰

169 954 285 1042 nulla,
303 955 372 1024 nisi
390 967 570 1051 quatenus
587 949 740 1050 expedit.
947 973 950 978 ·
1078 953 1081 960 ’

217 1069 273 1136 IV.
288 1069 373 1136 Post
384 1079 539 1135 mortem
554 1061 746 1134 Alexandri
759 1067 899 1163 Magni,
914 1093 1029 1166 quum
1042 1073 1139 1142 inter
1152 1097 1232 1146 suc·
1247 1097 1257 1128 ¹

170 1201 329 1248 cessores
346 1177 424 1272 ejus
441 1173 600 1248 Orientis
617 1197 728 1269 regna
748 1173 1010 1266 dividerentur,
1029 1179 1133 1251 nullo
1155 1185 1233 1251 Ma·

170 1287 352 1359 redonum
375 1284 548 1383 dignante
570 1271 788 1356 Parthorum
808 1286 1018 1385 imperium,
1035 1293 1233 1379 Stasanori,

170 1413 321 1469 externo
339 1398 455 1482 socio,
478 1393 640 1466 traditur.
660 1395 706 1464 Hi
728 1409 873 1494 postea,
890 1395 1046 1469 diductis
1064 1402 1261 1472 Macedo-²

171 1507 280 1580 nibus
304 1511 342 1578 in
366 1506 503 1578 bellum
523 1503 644 1592 civile,
663 1529 748 1577 cum
769 1509 906 1578 caeteris
928 1510 1124 1608 superioris
1143 1496 1243 1584 Asiae*

139 1626 148 1723 J
170 1620 315 1720 populis
334 1623 534 1690 Eumenem
552 1619 696 1714 sequuti
714 1632 824 1688 sunt:
843 1643 916 1714 quo
935 1620 1051 1707 victo,
1067 1621 1114 1692 ad
1134 1626 1235 1715 Anti-

171 1755 308 1830 gonum
331 1732 516 1802 transiere.
537 1731 622 1800 Post
646 1727 750 1799 hunc
774 1753 795 1799 a
816 1729 985 1801 Nicatore
1008 1731 1175 1822 Seleuco,
1193 1743 1263 1805 ac3

170 1865 256 1914 mox
283 1840 330 1912 ab
356 1840 541 1913 Antiocho
563 1854 600 1912 et
621 1838 891 1912 successorihus
914 1843 991 1938 ejus
1015 1847 1169 1942 possessi
1188 1874 1197 1918 ε
1215 1873 1237 1918 a

171 1954 274 2049 cujus
303 1967 507 2052 pronepote
532 1945 693 2030 Seleuco,
718 1951 880 2047 primum
907 1951 1090 2044 defecere,
1116 1961 1236 2056 primo

172 2067 310 2136 Punico
329 2062 446 2152 bello,
470 2068 509 2134 L.
535 2059 673 2133 Manlio
689 2059 868 2147 Vulsone,
886 2066 935 2132 Μ.
956 2063 1236 2165 Attilio'Regulo

173 2174 395 2248 consuhbus.
411 2175 526 2270 Hujus
547 2168 761 2242 delectionis
780 2172 1031 2269 impunitatem
1055 2173 1124 2246 illis
1146 2176 1266 2249 duo-t

171 2311 254 2359 rum
281 2285 432 2358 fratrum
456 2306 603 2380 regum,
624 2277 762 2351 Seleuci
784 2294 820 2352 et
844 2281 1032 2372 Antiochi,
1058 2284 1239 2360 discordia

174 2395 295 2468 dedit:
311 2399 390 2494 qui,
405 2393 493 2466 dum
509 2391 579 2464 sibi
597 2391 752 2462 invicem
771 2393 910 2491 eripere
922 2417 1076 2491 regnum
1089 2399 1237 2485 volunt,

174 2511 342 2613 persequi
358 2503 786 2579 defectores'omiserunt.
798 2502 935 2575 Eodem
950 2520 1114 2606 tempore
1130 2513 1267 2582 etiam5

210 2767 261 2824 w.
286 2789 309 2824 1.
330 2773 464 2824 Stasancti.
488 2768 587 2824 Confer
609 2781 686 2839 supra
727 2763 1237 2840 choumcebeuumgeremfflvtt,

174 2845 263 2914 XIII,
277 2857 306 2916 4,
320 2869 367 2915 aa,
381 2849 428 2903 ubi
445 2863 533 2904 tamen
552 2847 616 2902 huic
633 2859 686 2899 trt-
711 2838 762 2911 'a,
781 2846 920 2915 6),fl1im
940 2848 1064 2902 Antiochi
1084 2849 1129 2916 II,
1154 2871 1238 2925 nepos

174 2926 244 2980 ditos
252 2927 333 2982 faisse
342 2927 424 2981 relect
432 2927 547 2980 Drances
556 2938 584 2980 et
592 2926 688 2988 Areos,
728 2924 854 2978 Antiochi
869 2926 898 2991 I,
967 2945 1051 2999 nepos
1067 2929 1118 2984 luit
1133 2931 1239 2986 Seleuci

174 3003 300 3059 Nicanori
315 3016 402 3059 eutem
419 3007 529 3059 Parthos
547 3006 571 3072 ς.
588 3003 630 3056 23.
644 3001 685 3054 Ah
727 2996 859 3056 Nicatoris
870 3021 877 3056 ε
888 2943 998 3059 adlinet
1009 3025 1157 3079 pronomen
1169 3015 1239 3082 eujus

173 3083 324 3138 Alexandro
333 3085 392 3156 ipsc
399 3083 589 3154 Andr-agoreni,
598 3083 700 3134 rena-⁴
726 3079 852 3134 adhunc
871 3082 906 3135 sit
925 3083 1112 3152 referendum,
1128 3100 1183 3141 non
1204 3089 1240 3141 ad

174 3179 234 3214 rum
252 3161 385 3228 nobilem,
405 3163 508 3217 Parthie
533 3159 686 3232 praelectum
725 3161 847 3231 proxime
861 3160 1053 3231 precedentem
1066 3165 1239 3219 Antiochum.

175 3238 318 3294 tradiderat
326 3237 399 3308 XII,
408 3247 436 3306 4,
450 3259 489 3293 ω.
497 3269 531 3279 -
540 3239 571 3289 A.
579 3239 614 3290 U.
625 3237 684 3300 430.
725 3237 785 3290 Iam
796 3255 878 3308 quum
889 3242 1008 3309 regnarit
1020 3259 1068 3312 per
1078 3261 1162 3296 annot
1172 3246 1238 3300 sos·

200 3335 236 3371 a.
250 3319 375 3371 Inbellem
387 3319 460 3370 civite.
473 3317 551 3371 Conl.
563 3313 686 3380 x11,15‚
728 3315 797 3381 528,
815 3315 936 3368 consules
956 3317 996 3369 illi
1016 3319 1130 3372 Romani
1151 3321 1183 3371 A.
1201 3321 1237 3373 U.

176 3393 686 3468 63Xlll,r,15;inprimieXIlI,6,
728 3393 778 3446 503
804 3389 881 3461 (vid.
906 3390 1027 3447 Freinsh.
1056 3397 1143 3468 suppl.
1169 3399 1238 3452 Livii

176 3476 221 3530 ubi
234 3478 258 3542 S.
274 3477 305 3541 t,
318 3473 392 3530 rides
407 3475 523 3546 partium
535 3471 686 3545 principes,
727 3471 842 3536 XVIII,
856 3472 905 3540 50)
922 3489 972 3525 nec
983 3472 1104 3528 incidunt
1116 3476 1144 3527 in
1156 3477 1238 3547 hujus

176 3553 340 3625 Antigonum
356 3565 383 3608 et
399 3551 567 3616 Perdiccam,
582 3561 608 3602 et
623 3548 687 3602 huic
726 3553 859 3620 repam,
876 3565 964 3619 neque
985 3550 1033 3602 tub
1055 3551 1108 3603 hcc
1130 3550 1239 3607 deinum

176 3632 285 3704 quidem
296 3636 320 3701 S.
334 3640 376 3698 14,
384 3633 531 3686 Eumenem
539 3628 686 3693 addictum,
727 3625 817 3679 Parthi
831 3644 847 3678 a
862 3625 937 3698 Syrie
949 3623 1116 3692 deiecerunt,
1129 3631 1175 3684 sed
1183 3633 1239 3703 jam

176 3709 211 3765 de
221 3729 276 3782 quo
287 3712 359 3765 victo
370 3723 397 3764 et
407 3709 494 3762 occiso
505 3709 583 3770 xlv,
594 3708 625 3772 3,
641 3722 686 3771 ra,
728 3703 761 3756 rb
774 3704 855 3777 hujus
867 3713 960 3775 petre,
972 3704 1106 3758 Antiocho
1122 3708 1150 3764 11
1165 3707 1239 3762 dele.

176 3801 203 3840 et
216 3807 274 3860 cap.
288 3795 320 3854 d,
336 3809 377 3842 ar.
392 3817 427 3829 -·-
439 3789 517 3840 Anno
529 3787 612 3838 Urbis
625 3785 685 3848 438.
728 3794 819 3834 emt
837 3799 879 3834 tn·
894 3780 959 3848 498,
974 3777 1041 3834 duce
1057 3785 1153 3837 Arsace
1169 3789 1194 3855 S.
1211 3791 1237 3839 6.

212 3866 238 3922 3.
248 3871 364 3919 Nicatore
377 3867 482 3919 Seleuco.
499 3867 539 3918 De
556 3883 610 3936 quo
624 3863 686 3928 XV,
729 3859 809 3913 conf.
832 3857 962 3911 ammian.
984 3858 1102 3914 Marcell.
1122 3864 1238 3930 XXIII,

177 3949 203 4008 4.
213 3946 386 3998 -Aaticcln
400 3944 502 3999 Seleuci
517 3943 573 3994 filio
588 3955 615 3994 et
630 3959 687 3994 suc-
730 3942 762 3999 ὃς
776 3937 861 3990 Tacit.
877 3935 945 3988 niu.
957 3934 997 3998 V,
1015 3939 1047 4002 8,
1061 3944 1086 4002 A.
1101 3971 1136 3981 -
1148 3944 1240 3995 Bellum

177 4039 293 4088 cessere,
307 4023 390 4097 Syria
399 4039 462 4094 rege
474 4039 523 4092 per
534 4035 617 4072 annot
628 4019 690 4089 473·
731 4019 846 4068 Punicum
851 4018 966 4087 primun.
977 4014 1089 4070 Gratum
1097 4036 1147 4089 per
1157 4035 1240 4074 maor

179 4099 244 4167 493,
257 4099 291 4154 de
302 4119 356 4172 quo
367 4099 424 4152 ind.
435 4119 477 4152 nr.
490 4118 514 4152 a.
525 4099 649 4152 Seleucus
661 4097 689 4150 11
728 4094 855 4161 tter-512.

177 4190 264 4236 autem
273 4178 496 4245 Gellinicrrt‚cum
509 4177 588 4231 l'retre
600 4176 690 4232 Antio·
770 4176 795 4226 5.
813 4172 913 4241 rodm-
929 4181 1040 4246 tmpm.
1064 4178 1096 4229 A·
1114 4177 1149 4230 U·
1175 4182 1240 4247 499>

1023 4273 1067 4344 32
1188 4281 1191 4285 ’
