2967 4684
232 289 299 362 hot
657 288 868 360 IUSTINI

231 518 1302 546 mmmmm

533 713 771 819 LIBER
811 713 1002 816 XLII.

209 1181 221 1222 ι
238 1161 263 1226 Ι.
283 1119 385 1226 Posr
409 1177 537 1226 necem
563 1149 802 1246 Mithridatis,
820 1151 1035 1227 Parthorum
1057 1153 1170 1250 regis,
1191 1151 1304 1224 Phra-

236 1265 339 1340 hates
358 1263 454 1336 filius
477 1267 572 1362 ejus,
590 1291 655 1337 rer
673 1269 932 1340 constituitur:
951 1267 1015 1362 qui
1033 1289 1148 1363 quum
1166 1262 1305 1336 inferre

238 1375 387 1466 bellum,
395 1378 435 1446 in
444 1375 622 1451 ultionem
636 1380 763 1450 tentati
773 1378 819 1451 ab
830 1375 1011 1450 Antiocho
1021 1375 1179 1448 Parthici
1190 1377 1306 1473 regni,

239 1489 348 1584 Syriae
374 1488 575 1577 statuisset,
598 1487 814 1585 Scytharum
838 1486 999 1559 motibus
1022 1483 1068 1558 ad
1090 1510 1157 1558 sua
1181 1484 1307 1557 defen-

212 1627 227 1662 α
241 1598 362 1670 denda
376 1615 576 1670 revocatur.
591 1603 757 1697 Namque
770 1598 911 1695 Scythae
922 1601 962 1669 in
974 1596 1145 1669 auxilium
1160 1595 1309 1668 Partho·

240 1732 323 1778 rum
339 1705 511 1778 adversus
527 1706 767 1798 Antiochum,
778 1711 887 1806 Syriae
904 1733 1046 1806 regem,
1065 1705 1233 1779 mercede
1250 1732 1308 1778 so-

242 1817 387 1905 licitati,
400 1842 531 1914 qutun,
547 1818 715 1892 confecto
727 1822 802 1918 jam
813 1819 922 1907 hello,
935 1820 1244 1916 supervenissent,
1256 1831 1309 1906 et,

243 1927 425 2024 calumnia
448 1930 586 2003 tardius
603 1931 666 2004 lati
686 1933 826 2022 auxilii,
844 1929 1011 2003 mercede
1029 1925 1310 2001 fraudarentur:

245 2039 408 2113 dolentes
428 2055 571 2114 tannim
592 2046 635 2116 iis
658 2045 798 2116 itineris
820 2041 953 2116 frustra
974 2065 1181 2125 emensum,
1198 2064 1312 2137 quum

245 2149 303 2222 vel
320 2153 540 2249 stipendium
560 2179 628 2252 pro
644 2157 853 2243 vexatione,
866 2152 925 2225 vel
943 2150 1052 2224 alium
1072 2149 1215 2221 hostem
1235 2149 1315 2220 dari

250 2261 320 2333 sibi
341 2279 552 2361 poscerent,
573 2263 732 2364 superbo
752 2290 931 2366 responso
954 2259 1104 2350 offensi,
1121 2260 1214 2332 fines
1231 2264 1315 2332 Par·

222 2370 400 2446 tthorum
426 2389 566 2446 vastare
596 2391 798 2474 coeperunt.
822 2377 937 2474 Igitur
962 2372 1177 2459 Phrahates,
1201 2395 1314 2469 quum

250 2483 420 2556 adversus
433 2509 495 2556 eos
507 2485 815 2584 proficisceretur,
829 2485 875 2558 ad
891 2483 1039 2556 tutelam
1054 2486 1157 2580 regni
1170 2482 1317 2579 reliquit

251 2596 439 2666 Himerum
460 2596 663 2693 quendam,
682 2600 843 2696 pueritiae
863 2595 931 2669 sibi
948 2593 1039 2666 flore
1058 2593 1315 2666 conciliatum:

253 2706 316 2803 qui
328 2709 519 2801 tyrannica
534 2708 743 2780 crudelitate
753 2761 763 2787 ,
775 2706 909 2778 obiitus
923 2722 960 2777 et
972 2706 1051 2775 vitre
1065 2705 1268 2803 praeteritae,
1281 2718 1319 2775 et

253 2816 376 2885 vicarii
399 2812 531 2902 officii,
554 2817 791 2914 Babylonios,
814 2817 1017 2914 multasque
1044 2815 1130 2887 alias
1159 2817 1318 2888 civitates

228 2925 465 3019 ,importune
485 2929 636 2998 vexavit.
654 2933 736 3025 Ipse
758 2943 878 3000 autem
900 2925 1096 2999 Phrahates
1122 2928 1320 2999 exercitum

255 3023 489 3123 Graecorum,
515 3061 625 3133 quem
654 3036 751 3108 bello
784 3038 955 3111 Antiochi
988 3053 1133 3138 captum
1164 3037 1321 3138 superbe

292 3209 316 3261 I.
327 3227 349 3262 1.
358 3213 418 3260 Post
424 3227 511 3261 necem.
520 3208 664 3274 Quomodo
671 3219 770 3264 necem?
811 3223 882 3282 gete,
894 3213 950 3264 sive
959 3210 1049 3266 Sidete
1059 3211 1138 3282 (resp.
1151 3209 1323 3279 XXXVIII,

258 3307 341 3362 quum
348 3286 443 3340 morbo
453 3299 480 3339 et
488 3300 620 3340 senectute
630 3288 771 3342 decesserit
813 3293 874 3359 ιο),
887 3308 951 3361 rege
962 3290 1045 3363 Syria
1055 3291 1182 3359 617·624.

259 3366 337 3431 XLI,
349 3369 380 3431 6,
391 3384 417 3434 9.
429 3364 586 3418 Coniudisse
599 3367 681 3437 igitur
694 3365 769 3420 vide·
847 3388 872 3420 a.
894 3369 1018 3420 &lamnia
1038 3368 1131 3418 tardius
1156 3367 1201 3418 lati
1219 3367 1322 3431 auxilii,

258 3459 303 3500 tur
313 3443 494 3508 Eucratidem,
505 3447 657 3498 Bacuorum
667 3464 771 3517 regem,
812 3446 918 3498 mercede
919 3445 1102 3511 fraudarentur.
1112 3445 1230 3509 Scilicet,
1237 3445 1325 3516 priva·

260 3525 343 3577 ofilio
355 3523 522 3577 interfectum
540 3541 600 3576 oum
619 3523 773 3576 Mithridate
812 3522 1040 3596 renturpromissa
1051 3521 1256 3595 mercede,quia
1263 3525 1326 3576 eus

261 3603 337 3667 XLI,
350 3605 380 3666 6,
395 3601 419 3654 5.
436 3602 601 3672 Quamquam
615 3601 693 3654 etiam
707 3603 773 3656 Sue·
812 3605 853 3656 tbi
865 3603 1053 3674 querebantur,
1068 3601 1141 3674 quod
1150 3601 1250 3654 tardius
1259 3602 1326 3674 ipsis

260 3693 317 3733 ton.
338 3682 401 3734 Caes.
417 3681 448 3744 5,
465 3697 479 3732 a
496 3697 503 3731 :
522 3687 581 3732 Post
592 3699 672 3732 necem
690 3680 775 3752 Lepidi
812 3679 1163 3736 tulissentauxiliom.—Iis.
1175 3679 1325 3734 Dicendum

262 3759 378 3823 comum,
393 3775 461 3832 quem
475 3758 557 3810 morbo
569 3763 711 3811 exstinctum
721 3771 774 3810 tm-
814 3757 1083 3826 cuttidi—Quam...
1090 3770 1224 3828 poscerem.
1233 3759 1325 3823 Quum

262 3835 300 3888 dit
320 3837 405 3889 Floras
428 3835 491 3901 111,
513 3838 558 3904 23,
576 3857 609 3909 73
632 3849 658 3891 et
680 3839 773 3892 Seuec.
814 3849 935 3910 peterent
947 3834 1108 3907 stipendium
1119 3854 1170 3906 pro
1182 3835 1326 3888 Inhoreto·

262 3913 296 3966 ad
312 3915 438 3966 Marciam
452 3933 482 3967 ar
496 3932 502 3966 :
515 3918 574 3981 sata
594 3915 664 3968 nobis
678 3935 772 3968 sensum
813 3913 1197 3978 Ieretoinitinere,velaiium
1207 3912 1256 3965 sihi
1268 3911 1327 3966 dari

262 3993 326 4043 necis
332 3991 578 4056 permanserunt-
585 3993 724 4045 Phroirates.
732 3994 771 4059 II,
812 3992 931 4058 hostem,
942 3991 1075 4045 Antiocho
1083 3993 1137 4062 jam
1148 3991 1227 4044 victo.
1240 4009 1289 4045 ro.

261 4066 681 4136 Arsacesvl1.-Amt0ct0.vlt‚
688 4071 771 4128 Ever-
847 4077 872 4135 4.
884 4071 952 4122 Bello
967 4068 1089 4124 Antiochi.
1103 4069 1158 4122 Aut
1168 4068 1259 4142 potius
1271 4070 1327 4122 De·
