2967 4684
219 338 268 436 96
456 304 465 322 '
648 342 858 414 Jusrrru

192 461 266 532 ade
289 485 404 559 regno
429 459 674 561 ambigerent,
696 463 918 536 concordare
940 479 1148 565 potueruut.
1169 468 1280 539 Erant

220 573 319 643 enim
333 572 465 643 virtute
477 587 515 643 et
527 571 716 646 nobilitate
727 575 777 645 ita
788 598 908 673 pares,
920 591 961 646 ut
972 574 1155 649 difficilem
1167 600 1210 647 ex
1223 577 1281 649 his

191 681 357 780 spopulo
375 681 590 755 electionem
607 684 789 782 aequalitas
811 683 952 758 faceret.
970 690 1044 786 Ipsi
1065 688 1172 785 igitur
1187 688 1281 759 viam

218 780 462 880 invenerunt,
476 817 549 891 qua
564 792 611 895 de
629 818 668 866 se
684 792 860 891 judicium
879 796 1044 894 religioni
1067 812 1104 867 et
1126 795 1281 869 lortimae

190 906 497 975 tcommitterent.
521 906 692 1003 Pactique
716 908 811 977 inter
833 931 869 979 se
894 902 1056 997 sunt,'ut
1076 905 1133 979 die
1152 922 1281 981 statuta

219 1038 347 1085 omnes
366 1039 481 1111 equos
501 1030 585 1087 ante
601 1017 735 1115 regiam
751 1018 868 1116 primo
888 1042 995 1090 mane
1016 1016 1279 1117 perducerent:

218 1138 255 1195 et
268 1125 369 1221 cujus
382 1150 498 1224 equus
511 1130 608 1199 inter
621 1127 714 1201 Solis
724 1143 844 1199 ortum
857 1127 1041 1200 hinnitum
1055 1130 1192 1226 primus
1208 1128 1280 1227 edi-

190 1234 346 1325 ⁵,disset,
362 1238 394 1307 is
407 1262 472 1309 rex
490 1254 591 1311 esset.
607 1242 699 1313 Nam
715 1254 754 1309 et
769 1237 886 1309 Solem
902 1244 1022 1310 Persae·
1035 1262 1149 1310 unum
1170 1237 1278 1308 deum

189 1354 294 1418 6esse
308 1346 481 1437 credunt3
492 1362 529 1418 et
540 1373 654 1446 equos
666 1347 785 1419 eidem
800 1348 868 1420 deo
884 1363 1038 1419 sacratos
1051 1346 1181 1419 lerunt.
1195 1353 1280 1419 Erat

216 1458 313 1531 inter
326 1460 534 1555 conjuratos
549 1458 696 1541 Darius,
707 1458 896 1554 Hystaspis
908 1454 1022 1527 filius:
1036 1460 1094 1529 cui
1106 1456 1151 1528 de
1164 1482 1278 1555 regno

216 1567 356 1639 solicito
376 1572 460 1665 equi
483 1580 609 1637 custos
630 1566 705 1634 ait:
725 1593 743 1629 α
758 1567 793 1635 Si
816 1588 858 1635 ca
876 1588 935 1636 res
954 1568 1140 1637 victoriam
1161 1592 1279 1640 mora·

187 1692 334 1765 ⁷retur,
358 1676 451 1748 nihil
478 1676 612 1773 negotii
635 1698 860 1773 superesse.»
884 1678 951 1745 Per
976 1690 1122 1747 noctem
1148 1676 1279 1751 deinde

215 1810 368 1883 equum,
387 1784 502 1885 pridie
524 1788 759 1857 constitutam
781 1782 894 1870 diem,
915 1784 962 1857 ad
982 1786 1141 1858 eundem
1158 1787 1279 1861 locum

216 1893 333 1985 ducit,
356 1895 480 1993 ibique
498 1921 600 1994 equae
620 1895 795 1984 admittit,
816 1910 936 1985 ratus,
955 1921 1000 1969 ex
1020 1896 1201 1999 voluptate
1216 1904 1280 1973 Ve-

187 2011 315 2079 anesis
330 2006 511 2099 futurum,
525 2007 627 2105 quod
637 2010 766 2079 evenit.
781 2011 926 2079 Postera
940 2007 998 2081 die
1014 2011 1153 2107 itaque,
1167 2036 1279 2108 quum

215 2118 262 2190 ad
275 2134 443 2191 statutam
457 2119 587 2191 horam
601 2144 730 2191 omnes
747 2120 1021 2207 convenissent,
1034 2122 1133 2191 Darii
1149 2144 1279 2218 equus,

216 2235 363 2329 cognito
387 2232 488 2322 loco,
513 2256 558 2302 ex
580 2230 759 2303 desiderio
783 2228 928 2313 leminae
952 2229 1142 2302 hinnitmn·
1162 2234 1280 2303 statim

216 2342 350 2415 edidit:
365 2361 416 2433 et,
433 2342 605 2443 segnibus
618 2343 712 2431 aliis,
723 2341 810 2415 felix
825 2343 1024 2441 auspicium
1041 2341 1192 2413 domino
1208 2344 1280 2441 pri·

186 2475 297 2526 smus
316 2459 441 2527 emisit.
458 2460 573 2527 Tanta
588 2453 791 2526 moderatio
809 2455 944 2523 caeteris
959 2450 1045 2539 fuit,
1060 2450 1182 2521 audito
1200 2474 1280 2521 aus·

215 2569 329 2662 picio,
344 2582 385 2637 ut
400 2564 591 2636 confestim
607 2568 710 2661 equis
723 2562 938 2647 desilierint,
950 2575 986 2630 et
998 2562 1147 2629 Darium
1158 2584 1280 2657 regem

171 2699 204 2734 ιο
216 2674 459 2748 salutaverint.
477 2674 635 2772 Populus
652 2695 801 2769 quoque
818 2673 1023 2755 universus,
1040 2682 1213 2764 sequutus
1226 2670 1279 2765 ju·

170 2808 200 2844 11
216 2783 351 2855 dicium
365 2786 590 2882 principum,
603 2781 762 2855 eundem
778 2804 899 2876 regem
918 2779 1115 2849 constituit.
1131 2780 1187 2852 Sic
1205 2804 1281 2878 reg-

215 2918 305 2964 num
324 2898 531 2983 Persarum,
543 2906 682 2991 septem
702 2888 1011 2962 nobilissimorum
1029 2890 1190 2963 virorum
1208 2893 1280 2962 vir·

214 3018 293 3077 tute
312 3005 517 3104 quaesitum,
533 3020 607 3077 tam
625 3005 694 3075 levi
712 3016 900 3075 momento
918 3003 958 3072 in
975 3026 1093 3075 unum
1111 3004 1280 3076 collatum

172 3138 203 3177 n
216 3129 280 3187 est.
299 3114 516 3188 Incredibile
532 3138 704 3213 prorsus,
727 3128 829 3185 tanta
852 3113 1025 3210 patientia
1050 3117 1195 3189 cessisse
1220 3141 1281 3203 eo,

218 3226 319 3325 quod
349 3242 391 3298 ut
421 3228 604 3324 eriperent
632 3226 764 3324 Magis,
791 3227 884 3297 m'ori
914 3252 993 3297 non
1024 3230 1278 3299 recusaverint.

174 3353 206 3408 ιε
216 3341 444 3436 Quamquam
459 3352 589 3436 praeter
600 3336 772 3427 formam,
782 3338 1024 3435 virtutemque
1040 3335 1112 3407 hoc
1128 3337 1278 3435 imperio

218 3448 384 3548 dignam,
406 3450 513 3521 etiam
542 3449 711 3547 cognatio
734 3449 845 3519 Dario
864 3449 992 3544 juncta
1015 3472 1097 3519 cum
1120 3448 1279 3547 pristinis

254 3596 278 3648 3.
288 3600 339 3668 Ipsi
348 3599 422 3666 igitur
433 3608 483 3649 etc.
508 3596 586 3654 Confi
600 3593 729 3649 Herodot.
771 3612 862 3667 regern
880 3596 976 3649 laomen
995 3614 1063 3660 esse,
1078 3596 1206 3667 significet
1223 3600 1280 3669 ejus

219 3672 280 3738 111,
292 3674 752 3746 79-87.-1leligioniDiisvolun·,
773 3695 856 3748 genus
877 3674 994 3749 ejusdem
1015 3694 1075 3728 cum
1099 3676 1170 3747 Cym
1192 3675 1280 3747 stirpis

218 3762 300 3803 tatem
308 3770 381 3805 mam
390 3754 507 3822 auguriis
515 3753 730 3825 significantibus.
772 3752 1015 3808 Achemenidarum
1027 3756 1098 3820 (not.
1106 3752 1140 3805 ad
1150 3752 1179 3817 1,
1191 3758 1220 3817 4,
1234 3754 1280 3823 l),

255 3829 280 3882 ⁵.
299 3834 364 3881 Nam
384 3832 501 3883 enam
519 3844 570 3885 etc.
601 3830 730 3885 Herodot.
772 3831 897 3885 hocloco
910 3834 934 3901 5.
951 3832 992 3884 13.

220 3907 652 3975 1,131‚stovid.1·“nt.1‚385.
809 3929 849 3964 12.
867 3916 913 3963 Bo.
928 3908 990 3964 Scil.
1008 3926 1092 3980 regno
1111 3924 1118 3961 ι
1138 3907 1194 3961 alin
1215 3906 1277 3963 edd.

253 3988 281 4037 6.
298 3990 388 4036 lint...
403 3989 491 4037 Derim
508 4001 560 4041 etc.
575 3988 654 4040 Couf.
676 3989 730 4041 He·
772 4006 812 4041 eos
825 3988 994 4061 (principes).

218 4062 306 4115 rodot.
326 4060 387 4126 111,
400 4063 443 4118 85.
460 4067 495 4117 At
511 4084 567 4119 non
588 4065 651 4138 equi
668 4066 730 4119 hin·
809 4070 849 4122 13.
865 4070 991 4139 Cogitatio.
1004 4066 1070 4131 Quoe
1085 4076 1124 4118 est
1144 4066 1224 4119 hnc:
1246 4082 1277 4129 1,

219 4140 350 4208 nitu,sed
359 4141 462 4215 generis
470 4144 607 4201 nobilittte
620 4146 731 4200 Darium
770 4148 948 4204 Achaemenes.
964 4172 998 4193 u-
1018 4165 1048 4212 a,
1068 4146 1165 4209 Perses.
1185 4174 1221 4187 -
1246 4142 1277 4207 3.
