2967 4684
214 313 287 395 424
637 305 848 376 IUSTINI

215 431 355 526 aliaque
375 449 453 500 esse
472 430 584 526 patris
601 425 742 515 officia,
760 427 828 498 alia
845 428 967 526 patria
984 427 1083 522 jura,
1098 449 1179 524 qnae
1195 449 1275 497 non

214 540 337 611 liberis
355 553 516 626 tanum,
531 563 658 610 verum
680 540 788 608 etitnn
810 540 892 608 vitre
913 540 980 637 ipsi
1003 551 1275 636 praeponantur.

185 649 374 740 t*Proinde
391 665 532 746 gratum
556 674 594 721 se
617 673 753 720 munus
774 651 955 748 accipere,
972 651 1189 747 privatoque
1207 650 1276 719 im·

214 759 352 858 pendio
363 757 623 830 munificentiae
634 761 729 856 regis
740 783 1012 857 responsurum
1025 759 1134 849 Quod
1144 757 1191 830 ad
1202 757 1278 830 bel-

214 869 291 941 lum
319 895 518 968 pacemque
546 872 746 968 pertineat,
770 869 861 940 nihil
886 893 1007 967 neque
1033 872 1154 966 gratiae
1178 867 1276 958 dari,

185 1005 336 1080 :neque
353 967 399 1052 'de
417 983 498 1077 jure
515 982 638 1080 patriae
656 979 775 1053 decidi
793 1004 916 1078 posse,
928 1009 946 1046 s
963 977 1163 1078 respoudit
1182 981 1276 1050 Nam

215 1115 337 1188 neque
348 1090 393 1161 de
406 1089 620 1163 redimendo
633 1088 710 1162 filio
720 1115 884 1189 unquam
899 1092 1080 1178 tractavit,
1091 1113 1160 1161 nec
1172 1113 1277 1161 sena·

214 1216 293 1272 tum
310 1201 355 1273 de
374 1227 419 1273 eo
435 1227 540 1300 agere
561 1203 742 1299 permisit;
761 1201 844 1290 sed,
862 1217 904 1273 ut
922 1201 1074 1299 dignum
1091 1203 1277 1298 majestate

185 1315 291 1409 sejus
307 1328 403 1401 erat,
417 1344 435 1378 u
447 1316 556 1384 armis
571 1338 609 1384 se
622 1328 856 1412 recepturum
869 1311 984 1386 filium
994 1344 1012 1380 s
1028 1311 1177 1384 dixerat.
1192 1317 1278 1384 Post

214 1423 291 1494 haec
304 1424 401 1522 leges
419 1427 517 1521 pacis
532 1424 724 1497 dicuntur:
737 1455 756 1490 α
769 1429 819 1496 Ut
832 1427 912 1496 Asia
926 1425 1098 1496 Romanis
1112 1423 1276 1495 cederet:

214 1550 413 1608 contentus
427 1539 536 1632 Syriae
551 1560 666 1632 regno
684 1549 800 1606 esset:
816 1560 926 1607 naves
943 1537 1148 1621 universas,
1166 1534 1278 1631 capti-

212 1669 281 1715 vos
302 1659 339 1715 et
362 1643 547 1743 tranfirgas
570 1645 997 1742 traderet3s1nntumque
1020 1668 1168 1716 omnem
1192 1641 1278 1714 belli

186 1758 390 1832 oRomanis
409 1759 624 1828 restitueret.
636 1785 654 1822 s
671 1758 760 1844 Quae
779 1779 892 1852 quum
909 1756 1077 1826 nuntiata
1096 1753 1278 1826 Antiocho

216 1881 355 1951 essent,
375 1866 575 1939 «nondum
600 1870 651 1938 ita
674 1867 812 1936 victum
839 1889 877 1935 se
903 1889 980 1937 esse
1006 1863 1216 1962 respondit,
1237 1876 1279 1934 ut

217 1975 361 2074 spoliari
380 2002 417 2048 se
435 2002 549 2075 regno
567 1993 770 2076 pateretur3
793 1974 952 2072 bellique
976 2000 1017 2046 ea
1036 1976 1279 2062 irritamenta,

218 2111 297 2158 non
315 2090 414 2184 pacis
431 2087 683 2159 blandimenta
700 2112 788 2160 esse.
803 2119 820 2154 s

190 2227 203 2262 1
265 2202 356 2268 VIII.
375 2202 489 2294 Igitur
513 2223 628 2296 quum
648 2198 700 2268 ab
726 2199 891 2294 utrisque
916 2194 1052 2268 bellum
1077 2207 1281 2294 pararetur,

217 2311 442 2405 ingressique
471 2311 590 2380 Asiam
618 2311 776 2380 Romani
804 2307 897 2378 Ilion
925 2307 1130 2392 venissent,
1154 2321 1283 2376 mutua

217 2419 408 2515 gratulatio
429 2419 614 2490 Iliensium
635 2443 678 2490 ao
697 2423 949 2491 Romanorum
969 2415 1039 2487 fuit
1058 2443 1066 2486 ε
1088 2415 1282 2488 Iliensibus

217 2558 236 2592 «
253 2533 420 2616 AEneam,
437 2545 657 2626 caeterosque
675 2553 759 2600 cum
776 2552 820 2599 eo
835 2526 946 2599 duces
963 2551 984 2598 a
1000 2552 1038 2598 se
1052 2525 1249 2626 profectos,
1262 2559 1280 2593 s

191 2679 205 2712 2
219 2639 406 2724 Romanis,
420 2668 438 2703 tt
450 2663 487 2708 se
503 2637 549 2708 ab
567 2638 625 2709 his
645 2653 900 2736 procreatos,»
919 2635 1170 2710 referentibus.
1186 2643 1280 2709 Tan·

219 2764 328 2843 taque
349 2748 468 2818 laetitia
489 2751 654 2819 omnium
675 2746 915 2846 suit,q1nnta
937 2772 1014 2818 esse
1032 2763 1115 2845 post
1130 2747 1281 2845 longum

191 2885 207 2936 3
220 2871 363 2954 tempus
373 2859 469 2928 inter
481 2872 649 2956 parentes
663 2872 698 2929 et
710 2856 843 2928 liberos
858 2856 957 2929 solet.
970 2858 1123 2929 Iuvabat
1135 2858 1283 2930 Ilienses

255 3068 281 3118 6.
294 3064 364 3116 nuit
373 3084 448 3138 neque
456 3069 544 3137 μείω
554 3066 638 3120 dari..
650 3066 731 3119 decidi
766 3064 862 3138 pordit.
877 3065 935 3118 Liv.
950 3063 1104 3129 XXXVII,
1116 3065 1165 3131 ³6,
1179 3083 1196 3133 9
1208 3084 1216 3119 ε
1234 3072 1284 3118 Tu-

216 3162 296 3215 posse.
317 3143 423 3197 Nullam
448 3145 581 3198 Antiocho
604 3164 632 3198 se
652 3165 729 3218 posse
770 3157 819 3196 tam
832 3146 894 3196 enim
907 3144 966 3209 sore
983 3143 1040 3194 belli
1053 3144 1130 3196 ubam
1149 3155 1216 3196 ratus
1230 3157 1282 3211 est,

221 3222 654 3296 ooncederegntism,quialloma
663 3223 731 3276 nihil
771 3222 1285 3296 quando,perindeaeoieto,jamsibileges

220 3301 316 3354 arnittit
326 3300 427 3374 dejure
437 3303 731 3375 suoobmunuspriva·
771 3303 913 3376 dicerentur,
936 3304 1028 3352 omissa
1048 3304 1124 3371 igitm
1140 3304 1196 3371 jan
1216 3322 1283 3354 men-

220 3391 286 3433 tum.
301 3398 347 3433 su.
771 3384 835 3432 tione
842 3383 925 3451 pacis,
944 3391 1019 3431 totam
1032 3399 1113 3432 cumn
1128 3383 1155 3430 in
1170 3379 1226 3432 beili
1236 3381 1284 3432 ad·

255 3461 281 3512 8.
302 3465 363 3511 tu„
381 3462 518 3510 restitueret.
532 3459 572 3510 De
585 3458 627 3510 his
636 3456 730 3511 condi-
765 3469 879 3528 paratum
891 3455 1001 3508 intendit.

219 3536 337 3589 tionibus
356 3538 415 3590 Liv.
437 3536 591 3602 XXXVII,
609 3537 657 3602 35,
680 3554 730 3589 ro:
776 3587 781 3594 ,
802 3533 1284 3602 vt11.1.1uon.conttiv.xxxv11,

220 3620 352 3685 Inpensam
377 3615 507 3666 labellum
523 3613 618 3678 saetam
640 3633 730 3665 omnem
772 3614 822 3684 37,
841 3613 908 3666 2-3:
927 3613 1018 3664 Coruul
1032 3612 1102 3664 Ilium
1113 3616 1245 3683 prooessit,
1260 3627 1286 3666 et

212 3704 342 3762 preestaret
351 3713 402 3756 res,
415 3697 483 3762 cujus
493 3694 562 3764 culpa
571 3692 656 3744 bellurn
667 3696 732 3744 esci·
773 3695 798 3742 in
809 3691 889 3742 urbem
902 3710 1025 3763 arcemque
1039 3709 1110 3762 quum
1125 3691 1282 3756 ascendisset,

220 3778 294 3819 tatum
305 3774 459 3833 esset510nia
468 3784 540 3843 atque
550 3771 732 3842 AEolidepmsi
772 3767 914 3838 sacrificavit
928 3773 1041 3820 Minerva
1052 3767 1154 3838 prasidi
1169 3772 1244 3832 areis,
1260 3781 1287 3821 et

221 3844 263 3894 dia
276 3845 414 3910 dediscere&
426 3867 506 3900 omnes
520 3854 616 3900 Groecas
628 3852 653 3898 in
673 3852 733 3899 Asia
772 3847 897 3900 Iliensibus
909 3851 934 3900 in
945 3850 1010 3900 omni
1021 3866 1098 3898 renim
1111 3847 1286 3921 verborumque

221 3921 290 3972 urbes
308 3923 434 3991 liberaret,
454 3927 555 3998 indeque
574 3928 608 3977 cis
630 3932 732 3977 Taurum
773 3927 861 3977 bonore
873 3927 905 3978 ab
918 3947 943 3978 se
954 3925 1068 3978 orIundos
1084 3931 1205 3978 Romanos
1214 3947 1284 3998 μνω-

220 4012 321 4051 montem
330 4006 481 4071 possessione
493 4007 558 4054 Asin
570 4005 670 4055 cederet.
767 4005 914 4070 serentibus,
933 4017 959 4056 et
976 4006 1089 4056 Romanis
1110 4005 1171 4057 lutis
1191 4009 1286 4076 ornus·

253 4096 281 4148 9.
296 4077 411 4130 Nondum
424 4083 459 4132 ita
475 4085 562 4134 nictum
573 4103 598 4136 se
613 4103 663 4136 esse
678 4102 730 4135 res-
772 4102 825 4136 suu.
838 4085 878 4136 De
890 4088 970 4135 AEnea
981 4082 1051 4136 conl.
1064 4081 1121 4134 ind.
