2967 4684
370 360 750 431 HISTORIARUM
774 360 935 429 LIBER
959 357 1074 428 XIII.
1183 379 1249 453 271

189 504 346 579 eumque
375 480 637 553 detrectantem
667 480 854 577 praelium,
882 495 919 551 et
944 480 1122 551 Heracleae
1150 480 1253 553 urbis

188 591 372 663 moenibus
386 607 548 664 tuentem
564 616 617 679 se,
630 590 820 661 obsidione
836 590 998 688 cingunt.
1012 590 1149 663 Eodem
1164 605 1280 668 tem-o

187 728 277 802 pore
290 701 569 791 Demosthenes,
584 701 814 773 Atheniensis
827 716 965 791 orator,
979 701 1103 799 pulsus
1120 704 1250 801 patria,

187 813 236 884 ob
254 814 391 887 crimen
412 816 549 912 accepti
567 812 614 883 ab
633 812 790 910 Harpalo
810 813 907 900 auri,
923 814 983 909 qui
1003 811 1250 885 crudelitatem

188 921 379 994 Alexandri
392 922 548 1021 fugerat,
562 922 662 1019 quod
677 924 856 994 civitatem
870 924 909 992 in
924 922 1085 1018 ejusdem
1100 922 1251 995 Alexan-

187 1032 242 1103 dri
260 1033 395 1105 bellum
419 1033 635 1132 impelleret,
655 1030 749 1102 sorte
774 1033 928 1129 Megaris
954 1032 1167 1106 exsulabat:
1187 1035 1250 1131 qui
1264 1062 1298 1099 ιο

185 1156 228 1213 ut
242 1144 389 1215 missum
406 1142 451 1215 ab
471 1137 752 1214 Atheniensibus
773 1140 995 1238 Hyperidem
1015 1141 1169 1239 legatum
1188 1168 1248 1215 co·

186 1254 327 1347 gnovit,
351 1255 414 1349 qui
438 1251 734 1351 Peloponnenses
761 1252 800 1321 in
827 1251 1035 1321 societatem
1064 1276 1249 1325 armorum

185 1362 395 1451 solicitaret,
410 1377 584 1459 sequutus
603 1385 706 1445 eum,
727 1362 902 1457 Sicyone,
924 1366 1039 1459 Argos
1064 1377 1100 1432 et
1122 1367 1249 1436 Corin·

184 1471 304 1559 thum,
319 1488 536 1570 caeterasque
557 1473 733 1561 civitates,
747 1472 956 1569 eloquentia
970 1498 1034 1543 sua
1051 1472 1249 1545 Athenien·

184 1582 285 1655 sibus
292 1586 421 1681 junxit.
435 1582 492 1655 Ob
506 1582 607 1681 quod
619 1581 773 1671 lactum,
787 1584 893 1654 missa
907 1582 953 1654 ab
965 1582 1248 1663 Atheniensibus
1263 1605 1293 1643 1¹

184 1693 328 1765 obviam
350 1719 457 1783 nave,
478 1694 525 1766 ab
546 1693 671 1765 exsilio
692 1708 891 1765 revocatur.
915 1694 1067 1763 Interim
1089 1693 1127 1762 in
1151 1691 1294 1765 Obsi-12

183 1802 292 1874 dione
309 1806 503 1905 Antipatri,
519 1803 758 1894 Leosthenes,
773 1802 847 1874 dux
863 1802 1157 1892 Atheniensium,
1175 1804 1247 1877 telo

183 1937 202 1984 e
219 1916 332 1987 muris
347 1916 387 1986 in
404 1931 650 1987 transeuntem
662 1917 760 2011 jacto
779 1914 966 1987 occiditur.
989 1917 1076 2004 Quae
1094 1940 1151 1987 res
1167 1930 1246 1987 tan·
1259 1932 1293 1986 rs

106 2048 110 2057 ·
182 2037 259 2094 tum
281 2028 485 2097 animorum
504 2028 695 2124 Antipatro
711 2024 829 2115 dedit,
843 2040 886 2097 ut
908 2028 1014 2098 etiam
1034 2026 1166 2100 vallum
1183 2052 1246 2098 re-

182 2136 348 2206 scindere
363 2137 523 2207 auderet.
538 2137 720 2208 Auxilium
737 2136 869 2209 deinde
888 2162 909 2207 a
926 2144 1089 2209 Leonato
1111 2162 1176 2235 per
1196 2138 1246 2211 le·
1259 2159 1295 2216 rt

183 2331 294 2396 XVIII,
308 2332 332 2383 8.
346 2362 379 2372 —
393 2332 523 2383 Heracleae.
538 2332 591 2384 Ant
603 2330 693 2402 potius
727 2330 831 2401 pelleret
842 2347 897 2381 non
910 2328 1043 2380 coherent
1058 2346 1119 2381 cum
1136 2326 1245 2398 preced.

181 2411 272 2461 lamis
291 2407 319 2459 in
336 2408 483 2471 Thessalia,
503 2407 577 2460 unde
594 2408 694 2459 bellum
727 2408 815 2478 prebor
833 2410 931 2477 patria,
954 2404 999 2457 sed
1020 2423 1080 2457 curu
1100 2404 1141 2457 his
1159 2406 1248 2460 verbis

181 2486 270 2557 ipsum
283 2486 482 2541 denominatum
492 2490 638 2539 Lemurum.
733 2486 825 2555 accepti
837 2486 909 2535 auri.
905 2502 912 2515 ·
926 2501 1019 2535 aurum
1034 2481 1157 2537 videlicet
1175 2501 1246 2533 aoce-

218 2583 242 2632 9
268 2567 385 2636 Harpalo.
411 2566 488 2619 Conl
518 2564 551 2618 de
577 2564 692 2636 Harpalo
728 2574 801 2634 perat
812 2561 1003 2613 Demosthenes
1008 2560 1096 2633 ,quod
1106 2560 1244 2631 impelleret,

181 2640 261 2694 Diod.
274 2642 373 2694 XVIII
380 2662 434 2712 ,93
427 2643 549 2709 ·XV,II
566 2643 693 2715 108,q11i
733 2638 825 2705 idest,
838 2639 868 2690 ob
882 2638 1095 2712 quodt'mpellere,t
1109 2641 1247 2710 quoimpel·

181 2738 242 2772 eom
249 2721 365 2774 collectis
373 2724 476 2792 argenti
485 2683 588 2775 taleritis
599 2722 614 2775 t
616 2740 692 2788 ‚ooo,
733 2716 793 2770 leret
802 2710 973 2772 Athenienses
984 2716 1017 2769 ed
1027 2718 1126 2769 bellom
1136 2717 1247 2771 Alexan·

180 2800 353 2874 Babylonem
362 2803 475 2855 Atticam
487 2802 620 2873 aufugisse
630 2819 692 2853 ιιιι
732 2797 783 2850 dro
805 2796 981 2850 inferendum.
1005 2796 1099 2849 Fateor
1121 2794 1245 2867 equidem

180 2890 221 2929 rat
232 2882 263 2929 A
274 2878 309 2930 U.
323 2887 383 2949 4η.
396 2881 462 2932 Est'
455 2881 537 2950 igitur
550 2878 692 2932 Alexandri
732 2875 805 2929 baud
820 2876 914 2969 sepius
928 2874 1006 2927 simili
1023 2874 1104 2928 modo
1117 2876 1185 2948 quod
1194 2895 1244 2948 pro

180 2972 236 3006 non
253 2953 407 3031 erudelitas,
422 2957 493 3009 sed'
486 2975 524 3009 rra
540 2958 689 3028 justissima.
732 2968 760 3007 ut
775 2956 867 3027 accipi.
885 2953 938 3008 sed
954 2972 1019 3005 num
1037 2954 1171 3007 Iustinum
1189 2954 1245 3007 ele·

180 3032 321 3099 -Quod..
330 3035 463 3102 depelleret.
472 3034 621 3106 Impulisset
629 3036 692 3101 (De-
733 3034 838 3104 gentius
856 3032 988 3085 dicentem
1008 3030 1110 3085 inducit
1134 3035 1245 3097 Weteel,

180 3109 355 3179 mostheoes).
373 3110 542 3163 Cohaerent
535 3111 616 3181 igitur
635 3112 692 3165 brec
733 3130 816 3183 quum
838 3112 950 3203 explicet
970 3110 1037 3182 quod
1056 3112 1185 3182 repelleret
1202 3111 1245 3163 his

180 3187 261 3239 verba
278 3206 338 3239 cum
357 3206 435 3259 prate.
444 3188 530 3258 pulsus
542 3192 633 3257 patria,
651 3191 693 3243 De
733 3190 821 3243 verbis
839 3194 895 3261 quio
913 3189 1058 3260 depulerat?
1074 3189 1170 3241 Malo'
1163 3188 1249 3258 igitur

180 3266 276 3337 teipsa
287 3266 358 3318 conl.
369 3267 503 3319 Plutarch.
514 3266 543 3317 in
554 3267 692 3325 Demosth,
733 3286 793 3319 cum
814 3267 995 3321 Freinshemio
1012 3279 1039 3319 et
1052 3268 1175 3331 Vorstr'o,
1193 3285 1244 3337 pro

182 3344 214 3397 25
237 3362 309 3415 seqq.
331 3375 363 3383 -
385 3346 447 3396 Νοιι
471 3343 549 3414 plane
573 3344 692 3415 intelligo
732 3347 800 3419 quod
816 3348 946 3417 conjicere
963 3366 1022 3419 qao,
1038 3344 1170 3397 utretita
1183 3363 1245 3397 sen-

180 3421 246 3494 quid
259 3424 309 3475 sibi
326 3424 391 3477 velit
409 3420 579 3477 eruditissimi
599 3425 694 3475 Wetzel
732 3422 1245 3497 sumexplicozexsulobatlllegorissse·

179 3501 328 3573 explicatio.
340 3502 443 3574 Nempe
454 3502 565 3555 innuere
575 3500 691 3570 videtur,
732 3505 883 3557 mosthenes
897 3506 931 3556 ob
945 3504 1045 3555 crimen
1059 3502 1116 3554 auri
1129 3501 1161 3553 ab
1174 3501 1243 3553 Ilar-

178 3580 385 3633 Demostbenem
394 3582 489 3653 pulsum
500 3581 578 3646 fuisse
591 3582 689 3652 patria,
731 3584 793 3654 palo
801 3582 956 3654 accepti,ut
963 3582 1122 3653 impelleret,
1131 3590 1181 3631 ete.
1196 3596 1241 3633 en.

179 3659 210 3709 ob
223 3679 276 3710 eam
289 3679 396 3711 emmam
410 3660 477 3732 quod
488 3660 690 3731 ioqoulerotcivi-
778 3668 818 3725 14.
851 3666 966 3713 Leonato.
996 3657 1118 3731 Phrygis
1147 3657 1244 3709 minori

126 3760 130 3763 ·
179 3749 259 3790 tatem
269 3737 297 3790 in
309 3738 407 3791 bellurn
418 3738 568 3791 Alexandro
577 3740 691 3792 inferen-
730 3740 854 3811 praelecto
871 3756 929 3808 cap.
946 3744 976 3801 4,
994 3741 1032 3789 16.
1046 3738 1091 3797 ¹De
1107 3754 1136 3789 re
1151 3737 1244 3789 eoulcr

178 3813 253 3867 dum.
275 3814 328 3869 Sed
346 3815 471 3881 nrinime,
491 3818 521 3869 ni
543 3818 627 3869 fallor.
648 3818 691 3870 Ob
732 3817 844 3871 Diodor.
858 3816 974 3879 XVIII,
992 3816 1040 3879 15,
1055 3816 1101 3886 qui
1120 3813 1191 3867 idern
1209 3814 1243 3869 de

178 3912 236 3946 earo
249 3912 364 3947 caussam
379 3896 435 3965 pul
428 3914 471 3946 us
484 3896 568 3948 fumat
584 3898 693 3949 Demos·
733 3900 758 3965 S.
775 3901 820 3951 15-
807 3914 869 3967 -,17
882 3894 1058 3948 consulendus
1068 3907 1108 3947 est
1119 3913 1177 3966 eap
1196 3901 1242 3948 16-

179 3971 271 4024 tbenes
277 3991 371 4044 ,qnam
379 3972 459 4025 refert
470 3992 548 4045 supra
557 3974 690 4041 Iustinus
734 3978 776 4030 18.
788 3978 910 4029 Craterus
921 3992 992 4028 emm
1001 3979 1070 4046 (esp
1081 3981 1111 4039 4
1126 3976 1245 4045 5)novis

179 4048 278 4103 scilicet
293 4051 332 4101 ob
359 4054 445 4102 crimea
470 4055 561 4123 accepti
582 4057 637 4104 auri
658 4013 690 4105 ad
730 4075 815 4129 copus
824 4056 966 4107 instructus
975 4054 1243 4125 qnumeCr'liciaAn·

180 4126 304 4201 Harpalo
313 4128 393 4182 Haec
386 4130 466 4201 igitur
477 4132 556 4187 rerba
566 4133 654 4206 quod'
644 4154 689 4185 rm·
730 4137 828 4207 tipatro
844 4133 959 4187 venisset
974 4133 1087 4201 emtilio,
1104 4134 1190 4189 Greci
1207 4136 1239 4186 ab
