2967 4684
227 368 272 438 7⁰
471 344 681 413 PROLOGI
703 342 1046 412 HISTORIARUM

228 465 335 529 fuerat
354 463 466 545 obses,
486 464 569 528 clam
589 464 689 553 fugit3
710 479 931 552 occupataque
947 462 1055 551 Syria,
1071 459 1196 523 bellum
1211 482 1289 524 cum

230 566 422 647 Timarcho,
436 564 610 631 Medorum
625 590 717 657 rege,
733 567 865 647 habuit,
880 583 913 632 et
926 564 1098 631 Ariarathe
1114 586 1190 653 rege
1205 564 1290 652 Cap·

202 668 404 759 opadocum.
414 668 458 731 Ut
471 668 583 733 habita
597 671 683 734 inter
694 670 896 734 Ariarathem
909 685 941 733 et
956 666 1186 757 Orophernem
1197 665 1293 755 regni

202 804 220 860 7
233 772 418 835 certamina
434 770 495 853 Ut,
511 788 644 848 mortuo
659 794 735 862 rege
753 774 833 837 Asiae
849 773 1016 855 Eumene,
1032 769 1190 835 suffectus
1207 770 1294 832 Atta·

232 873 283 937 lus
298 871 423 937 bdlum
439 895 516 937 cum
531 875 738 965 Selgensibus
754 875 886 956 habuit,
903 890 936 939 et
952 896 1029 939 cum
1046 896 1123 964 rege
1140 870 1264 937 Prusia.
1305 896 1310 899 ·

482 1030 732 1091 eaotoous
753 1033 881 1110 mant
900 1031 1047 1089 xxxv.

207 1191 220 1226 1
279 1160 405 1242 Quinto
421 1179 454 1227 et
469 1164 634 1228 tricesimo
649 1164 819 1229 volumine
833 1163 1044 1243 continentur
1059 1160 1129 1223 hec
1146 1180 1154 1223 ε
1170 1158 1299 1224 Bellum

234 1262 410 1351 piraticum
426 1266 512 1331 inter
527 1268 638 1331 Cretae
653 1283 687 1332 et
703 1265 871 1331 Rhodios:
885 1264 1004 1329 seditio
1024 1262 1217 1328 Cnidiorum
1240 1258 1299 1323 ad·

207 1386 367 1434 aversum
382 1368 600 1433 Ceramenses.
613 1371 655 1432 Et
669 1368 824 1433 adversus
840 1368 1044 1433 Demetrium
1058 1366 1171 1429 Sotera
1185 1364 1300 1428 subor-

237 1484 333 1533 natus
344 1484 393 1533 est
402 1469 597 1552 Alexander,
610 1487 776 1557 tamquam
791 1472 919 1559 genitus
934 1468 1104 1557 Epiphane
1119 1466 1300 1531 Antiocho:

238 1592 306 1656 quo
321 1570 411 1633 bello
426 1571 531 1634 victrrs
546 1572 750 1651 Demetrius,
767 1572 908 1633 invisum
924 1569 1062 1633 stultitia
1082 1565 1303 1633 Alexandrum

238 1672 329 1739 bello
344 1673 440 1754 vicit,
455 1672 628 1753 adjuvante
642 1672 818 1737 Ptolemaeo
834 1671 1073 1753 Philometore,
1087 1671 1145 1757 qui
1158 1693 1199 1735 eo
1215 1670 1304 1735 bello

211 1773 375 1839 tinteriit.
392 1775 437 1837 Ut
452 1772 572 1838 deinde
589 1790 660 1837 orta
679 1773 849 1838 Demetrio
869 1772 956 1837 bella
975 1773 1041 1837 sint
1063 1795 1141 1837 cum
1161 1772 1304 1837 Diodoto

242 1876 437 1964 Tryphone:
446 1874 882 1967 expulsuaqueaTryphone
891 1897 994 1963 regno
1004 1876 1103 1963 Syriae
1110 1876 1305 1940 Demetrius.

215 1977 374 2064 4Repetit
389 1977 467 2043 inde
482 1979 658 2068 superioris
676 1978 759 2043 Asiae
780 1993 909 2062 motus,
928 1976 1030 2043 factos
1048 2000 1109 2068 per
1127 1968 1259 2046 Aretam
1274 1992 1307 2043 et

245 2081 396 2145 Arsacem
411 2080 580 2147 Parthum.

481 2226 730 2287 PROLOGUS
750 2226 884 2283 LIBRI
903 2226 1070 2285 XXXVI.

223 2390 235 2423 ι
294 2357 393 2422 Sexto
413 2374 447 2424 et
464 2360 631 2427 tricesimo
646 2361 816 2426 volumine
832 2361 1043 2427 eontinentur
1057 2358 1128 2425 haec
1144 2381 1151 2423 :
1168 2356 1213 2422 Ut
1229 2356 1312 2443 Try·

249 2458 339 2547 pho,
359 2461 455 2548 pulso
477 2462 569 2551 Syria
590 2465 776 2545 Demetrio,
800 2480 962 2554 captoque
982 2487 1001 2526 a
1023 2462 1166 2541 Parthis,
1188 2460 1313 2523 bellum

250 2562 348 2647 gessit
374 2584 451 2627 cum
477 2564 576 2629 fratre
603 2566 672 2645 ejus
696 2565 861 2631 Antiocho
886 2563 1083 2651 cognomine
1105 2560 1222 2626 Sedete
1244 2582 1252 2623 τ
1275 2576 1315 2623 ut

224 2691 239 2722 2
252 2661 450 2743 Antiochus,
470 2665 644 2729 interfecto
664 2666 834 2751 Hyrcano,
853 2662 982 2727 ludaeos
1001 2662 1141 2751 subegit.
1166 2662 1315 2751 Repetita

252 2808 385 2861 Antiocho
411 2810 439 2859 V
462 2812 612 2884 Eupatori‚
640 2814 765 2867 Antiochi
805 2811 925 2865 Freinth.
943 2812 1017 2883 vulg.
1035 2812 1169 2866 Aretenm.
1195 2814 1312 2885 Louger.

253 2982 320 3018 nutu
333 2964 483 3021 Demetrius
502 2968 579 3024 Soter
600 2988 670 3023 anno
692 2970 766 3024 urbia
840 2966 972 3023 xxxvl.
985 2976 1052 3023 ulle
1061 2972 1163 3043 Trypho
1171 2968 1318 3023 Dedihuuc

255 3043 320 3110 592,
336 3043 440 3098 Seleuci
464 3045 507 3096 tv
531 3045 619 3116 filine,
641 3046 767 3102 Antiochi
806 3046 896 3101 locum
911 3066 926 3099 a
943 3049 1088 3121 Bongaraio
1103 3060 1248 3105 correctum
1266 3068 1317 3121 pro

254 3122 347 3193 Magni
360 3142 454 3195 nepos.
807 3127 881 3198 vulg.
901 3140 1048 3199 corrupto:
1067 3138 1095 3179 ut
1113 3131 1190 3201 ⁶me
1203 3126 1318 3199 pulsus...

290 3202 407 3255 XXXV.
421 3224 445 3257 ι.
458 3208 599 3260 Demetrius.
611 3205 662 3260 Hic
672 3206 768 3260 Deme-
808 3210 953 3280 copiaque...
972 3206 1024 3260 sed.
1037 3207 1150 3279 'Dypho
1168 3206 1253 3269 enirn,
1272 3205 1321 3275 qni

255 3280 487 3351 trias(xxxtv,
501 3286 537 3356 ⁵)
552 3304 636 3357 quum
653 3286 682 3339 in
696 3286 768 3339 bello
809 3286 944 3339 Demetrio
975 3285 1099 3339 Nicatore
1124 3283 1259 3353 (XXXV,
1283 3286 1318 3354 a)

256 3360 382 3417 advertus
394 3362 573 3417 Alexandrum
585 3364 660 3420 illum
673 3365 768 3439 periin-
808 3364 887 3437 pulso
905 3384 948 3417 an.
967 3368 1018 3418 διο
1038 3380 1129 3435 regem
1153 3362 1321 3414 substituerat

257 3452 297 3492 eet
318 3458 361 3493 an.
382 3444 451 3506 604,
468 3441 538 3494 illim
554 3441 641 3508 filius,
655 3454 770 3515 quatuor
811 3442 972 3497 Antiochum
996 3440 1054 3503 vt,
1080 3441 1152 3505 dclv,
1178 3438 1321 3493 Alexandri

257 3532 320 3589 post
343 3520 419 3572 annis
442 3520 591 3574 Alexandro
615 3522 770 3587 interemto,
810 3520 881 3574 illiue
900 3520 982 3592 spurii
1001 3518 1142 3588 (XXXV,
1164 3524 1199 3588 ι)
1218 3518 1319 3585 filium,

257 3615 373 3668 regnum
384 3612 525 3671 paternum
537 3602 687 3673 occuparit.
698 3602 769 3655 Hinc
811 3598 867 3671 ipse
876 3598 929 3651 hoc
939 3598 1077 3650 interemto
1088 3614 1200 3673 regumn
1211 3614 1323 3667 occupa·

258 3674 438 3747 longoretus
453 3678 573 3731 lacunam
591 3680 636 3732 hic
654 3690 771 3731 statuens
811 3675 1322 3748 vitan.dra-17:quoannointerlectue

259 3752 296 3805 ita
309 3754 362 3823 legi
374 3756 450 3807 vult:
462 3776 509 3829 quo
522 3757 584 3808 bello
594 3759 675 3809 victus
686 3762 771 3809 Deme-
812 3768 852 3809 cst
868 3756 900 3809 ab
918 3754 1050 3807 Antiocho
1069 3753 1126 3804 Vll
1137 3792 1145 3818 ,
1163 3754 1323 3825 cognomine

261 3832 320 3881 cim
332 3832 428 3898 (Soter
440 3834 472 3884 A.
485 3834 520 3887 U.
535 3838 614 3906 604).
629 3836 704 3888 Filius
720 3838 772 3905 ejus
813 3832 912 3898 Sidete,
920 3834 975 3886 eive
984 3830 1085 3886 Sedete.
1094 3832 1143 3885 llic
1151 3844 1238 3885 antem
1245 3832 1324 3885 Ioan-

260 3910 449 3977 nomentum
461 3911 584 3985 Nicator)
598 3915 708 3978 nonum,
720 3925 772 3967 etc.
813 3930 875 3964 nem
897 3912 1049 3985 Hyrcanum
1070 3928 1126 3962 non
1147 3908 1325 3965 adversarium

297 3988 323 4042 3.
336 3986 450 4040 Diodoto.
465 3990 524 4043 Hoc
541 4008 639 4046 nomeu
657 3992 774 4046 restituit
813 3990 922 4055 hahuit,
935 3988 981 4043 ned
993 4002 1083 4043 contre
1097 3988 1205 4041 socium.
1221 3989 1276 4041 Hac
1290 3986 1325 4039 de

262 4068 388 4137 tongam.
401 4084 452 4137 pro
464 4082 591 4141 corrupto
603 4072 711 4125 Dictum
815 4086 843 4122 re
859 4080 946 4121 autem
965 4068 1057 4122 conler
1074 4066 1224 4140 Appianum
1238 4077 1265 4121 et
1277 4064 1325 4117 Jo-

299 4152 323 4211 4.
336 4151 441 4199 Arctum.
454 4145 499 4202 sic
513 4143 575 4201 dedi
591 4168 606 4201 e
624 4152 775 4221 conjectura
815 4147 936 4220 sepham.
