2967 4684
201 295 273 370 366
563 309 566 322 ¹
626 301 837 370 JUSTINI

172 435 187 487 a
202 418 379 492 bertatem
390 421 537 494 Graeciae
551 405 721 520 quaerere.
740 427 886 494 Interea
904 423 1001 492 inter
1016 445 1118 520 reges
1130 417 1266 491 bellum

203 531 340 604 linitur.
359 537 450 605 Nam
474 535 700 622 Ptolemaeus,
715 533 820 633 pulso
836 535 1037 631 Antigono,
1052 557 1166 631 quum
1182 556 1269 628 reg-

208 668 296 714 num
311 647 421 716 totius
435 646 657 717 Macedoniae
671 659 901 743 occupasset,
913 668 1039 743 pacem
1052 668 1134 714 cum
1148 645 1269 714 Antio-

205 755 276 826 cho
295 752 397 844 lacit5
411 754 711 853 adfinitatemque
722 777 815 828 'cum
830 755 988 852 Pyrrho,
1000 754 1082 826 data
1096 755 1128 827 ei
1142 757 1181 824 in
1194 778 1269 824 ma·

206 867 416 938 trimonium
436 863 510 937 filia
529 893 609 953 sua,
622 868 753 963 jungit.

179 1010 191 1045 ι
254 982 298 1047 Π.
311 976 468 1067 Exinde,
486 993 638 1049 externo
654 991 754 1048 metu
768 977 950 1075 deposito,
964 979 1118 1075 impium
1136 991 1173 1046 et
1186 972 1272 1046 faci·

207 1111 384 1159 norosum
413 1093 576 1160 animum
607 1086 653 1158 ad
683 1087 883 1160 domestica
908 1089 1044 1160 scelera
1072 1087 1273 1175 convertit,

207 1199 429 1299 insidiasque
453 1204 614 1274 Arsinoae
640 1202 757 1272 sorori
788 1225 859 1272 suae
887 1201 1056 1289 instruit,
1080 1197 1214 1297 quibus
1238 1211 1276 1268 et

209 1311 302 1384 filios
317 1313 393 1410 ejus
407 1315 496 1401 vita,
509 1325 545 1384 et
559 1314 674 1410 ipsam
687 1311 918 1383 Cassandreae
932 1310 1034 1383 urbis
1048 1311 1277 1408 possessione

182 1453 196 1487 ι
211 1424 377 1524 privaret.
392 1425 532 1494 Primus
546 1425 579 1494 ci
592 1423 697 1493 dolus
709 1421 793 1510 fuit,
808 1421 975 1494 simulato
989 1445 1129 1508 amore,
1142 1421 1277 1492 sororis

210 1535 483 1606 matrimonium
496 1547 634 1632 petere:
648 1533 750 1603 aliter
762 1533 861 1604 enim
874 1531 920 1604 ad
930 1535 1066 1605 sororis
1075 1530 1279 1628 lilios,quo

210 1670 294 1716 rum
314 1668 468 1741 regnum
493 1657 753 1743 occupaverat,
776 1667 885 1742 quam
910 1643 1115 1715 concordiae
1136 1640 1280 1729 bande,

185 1757 405 1853 apervenire
425 1781 503 1826 non
524 1770 677 1855 poterat.
697 1754 766 1826 Sed
792 1768 880 1824 nota
903 1754 1075 1826 scelerata
1099 1751 1280 1824 Ptolemaei

186 1865 383 1938 tvoluntas
410 1869 527 1938 sorori
557 1882 643 1938 erat.
664 1871 792 1963 ltaque
814 1890 893 1936 non
919 1865 1082 1936 credenti
1110 1862 1281 1951 mandat,

216 1975 342 2048 «velle
365 2003 402 2070 se
425 2003 509 2049 cum
531 1976 614 2050 filiis
637 1978 713 2074 ejus
730 1978 836 2076 regni
860 1979 1085 2049 consortium
1105 1978 1281 2073 jungere:

217 2115 300 2162 cum
317 2089 449 2188 quibus
463 2117 541 2162 non
557 2091 639 2163 ideo
659 2115 697 2162 se
715 2090 824 2161 armis
844 2088 1092 2176 contendisse,
1108 2087 1283 2187 quoniam

218 2204 357 2300 eripere
374 2201 432 2273 his
450 2227 624 2302 regnum,
641 2200 705 2274 sed
725 2198 826 2298 quod
847 2199 886 2270 id
908 2197 1025 2271 facere
1044 2201 1100 2270 sui
1122 2197 1285 2268 muneris

191 2319 206 2373 5
219 2314 335 2386 vellet.
348 2319 392 2385 ln
403 2314 475 2387 hoc
487 2316 646 2388 mitteret
660 2311 837 2386 arbitrum
847 2308 1101 2406 jurisjurandi:
1114 2332 1189 2404 quo
1200 2331 1286 2404 prae·

220 2439 322 2498 sente
341 2425 438 2524 apud
458 2431 554 2499 Deos
576 2429 729 2524 patrios,
748 2422 882 2521 quibus
902 2420 1009 2493 vellet
1029 2418 1287 2493 obsecrationi·

192 2537 309 2625 6bus,
326 2561 365 2608 se
384 2537 568 2636 obligaret.
580 2568 597 2603 s>
617 2543 763 2608 Incerta
787 2535 958 2622 Arsinoe,
980 2529 1068 2629 quid
1089 2543 1209 2627 ageret
1228 2555 1236 2597 ε
1255 2528 1287 2598 si

221 2649 401 2733 mitteret,
417 2646 534 2746 decipi
552 2647 733 2746 perjuri03
752 2646 876 2716 sinon
895 2646 1072 2729 mitteret,
1088 2661 1287 2739 provocare

223 2755 360 2826 rabiem
376 2754 545 2828 fraternae
560 2756 780 2829 crudelitatis
798 2753 956 2826 timebat.
968 2759 1095 2851 Itaque
1108 2751 1189 2851 plus
1200 2749 1290 2821 libe·

195 2867 289 2956 tris,
304 2891 412 2964 quam
430 2866 516 2955 sibi,
534 2869 685 2957 timens,
703 2892 797 2966 quos
815 2866 1048 2937 matrimonio
1065 2889 1132 2936 suo
1145 2877 1290 2961 protec-

261 3069 286 3120 8.
300 3066 450 3119 Ptolemaeus.
463 3069 598 3124 Ceraunus
607 3071 647 3140 (S.
661 3074 739 3143 r).—
780 3075 849 3146 (cap.
863 3076 895 3140 3,
909 3074 943 3145 5)
961 3075 1124 3128 consortium
1140 3076 1216 3148 regni
1227 3078 1290 3147 Jun-

226 3148 359 3216 Antigono.
374 3145 494 3213 (Gonata
506 3151 529 3216 S.
544 3151 576 3220 3)
589 3149 739 3218 Antiocho,
781 3170 851 3223 gere.
859 3184 892 3193 -
902 3156 931 3202 Se
940 3157 1013 3205 armis
1023 3154 1178 3206 contendisse.
1191 3154 1291 3225 Supplc

227 3227 309 3300 Syriae
316 3243 394 3296 rege,
405 3228 480 3297 cujus
489 3240 591 3299 patrem
600 3231 740 3285 Seleucum
780 3232 847 3283 dicit.
858 3261 893 3272 -
906 3231 939 3282 Id
950 3232 1036 3297 faeere
1050 3236 1089 3283 sui
1106 3237 1217 3285 menois.
1233 3231 1303 3284 lloc‘

227 3301 360 3356 occiderat
372 3305 440 3373 (not.
451 3303 484 3356 ad
498 3307 522 3373 ς.
537 3310 577 3379 1).
592 3339 625 3348 -
636 3311 738 3381 Pyrrho.
779 3311 916 3381 (regnum)
928 3310 1032 3362 muneri
1043 3309 1091 3364 tibi
1104 3309 1199 3364 otl‘ero.
1213 3308 1291 3364 Conl.

228 3383 339 3454 Respice
352 3379 451 3448 xvll,
464 3402 495 3450 a,
510 3387 558 3452 15,
575 3386 665 3458 ibique
682 3399 738 3441 not.
781 3385 870 3450 XIII,
886 3392 916 3450 l,
927 3405 952 3453 9.

229 3493 263 3502 -
274 3463 345 3514 sitia.
360 3463 413 3515 Aut
424 3463 512 3535 potius
524 3465 661 3538 privigna,
671 3467 739 3520 Plut.
816 3467 841 3516 6.
854 3467 881 3514 Si
894 3468 1024 3516 niuem...
1038 3466 1061 3516 si
1072 3484 1121 3516 uon
1138 3467 1246 3516 inureret.
1265 3463 1293 3517 si

229 3539 257 3592 in
269 3539 372 3612 Pyrrho
384 3559 440 3612 cap.
454 3547 480 3596 6.
781 3543 858 3597 mitto
871 3543 985 3615 aliquem
994 3543 1135 3607 arbitrum,
1148 3543 1230 3596 timeo
1245 3540 1293 3594 de·

266 3617 304 3668 ll.
317 3637 339 3672 1.
350 3625 458 3672 Eoteruo
469 3633 539 3675 metu.
549 3623 628 3696 Reap.
639 3621 724 3676 XVII
734 3663 743 3688 ,
782 3624 836 3696 cipi
848 3642 863 3676 a
875 3623 955 3676 lmtm
964 3626 1073 3695 perjuro
1084 3645 1091 3676 ε
1104 3623 1127 3676 si
1137 3641 1192 3675 non
1203 3622 1294 3686 mitto,

233 3715 263 3760 a,
282 3699 339 3750 6-8.
361 3729 394 3738 -
416 3705 497 3753 Sorori
515 3721 573 3754 suoe.
593 3703 741 3777 Lysimachi
782 3703 933 3773 provocabo
946 3702 1053 3755 fratrem
1064 3700 1199 3756 crudelem
1212 3713 1238 3754 et
1250 3720 1294 3753 ra·

231 3770 335 3840 viduae,
349 3775 404 3830 rid.
416 3779 435 3830 l.
446 3799 469 3832 c.
482 3793 508 3833 et
521 3781 590 3834 inira
603 3801 662 3853 cap.
673 3783 704 3845 3,
716 3782 742 3835 3.
781 3782 895 3834 biosum.

267 3857 292 3914 4.
303 3858 414 3926 Itaque...
423 3859 531 3910 mandat.
541 3860 651 3912 Arsinoe
661 3861 743 3931 igitur
818 3879 843 3929 7.
855 3863 1009 3912 nranimento
1020 3879 1074 3910 suo.
1086 3859 1115 3912 Si
1133 3857 1207 3910 frent
1223 3875 1295 3926 nup·

232 3947 314 4001 quum
328 3931 402 3986 fratri
414 3954 468 3988 non
480 3934 615 4002 crederet,
625 3938 669 3990 hic
680 3939 743 3991 huic
783 3938 854 3989 serit.
868 3969 901 3977 -
912 3943 1022 3990 Diouemss
1034 3939 1076 3990 Ita
1088 3939 1176 4008 recepi
1189 3956 1222 3989 ex
1237 3933 1295 3988 edi·

232 4006 339 4062 mundat
350 4011 416 4083 (per
428 4013 492 4066 alios
504 4015 682 4068 internuntios
692 4015 744 4069 boc
783 4014 898 4070 tionibus
909 4017 1032 4070 omnilsus
1045 4015 1159 4087 antiquis
1169 4033 1220 4086 pro
1234 4013 1295 4065 Cl0⁴

233 4085 296 4140 huic
315 4087 410 4159 ollert)
426 4111 433 4142 ε
448 4091 511 4146 tolo
530 4111 591 4145 cum
611 4093 672 4148 liliis
692 4095 743 4148 tuis
784 4093 886 4148 dionem.
