2967 4684
242 510 244 513 Ι
283 502 288 512 ι
374 419 758 491 HISTORIXRUM
783 423 940 492 LIBER
965 425 1071 492 XXI.
1184 425 1254 523 339

191 559 250 633 ut,
264 538 398 643 quibus'
414 544 640 615 consortium
655 542 758 639 regni
775 539 947 631 debebat,
959 569 1007 615 ne
1021 547 1164 644 spiritus
1178 552 1256 646 qui·

193 656 276 726 dem
299 657 539 727 ‘consortium
572 652 820 750 relinqueret,
847 657 1075 750 tyrannidem
1104 657 1142 728 in
1171 685 1255 732 suos
1297 704 1300 724 .

192 768 313 865 prius,
333 791 441 864 quam
459 767 497 834 in
516 779 658 836 exteros
677 765 891 862 auspicatus.

241 881 285 948 ΙΙ.
315 876 470 948 Sublatis
498 876 631 948 deinde
659 875 814 965 aemulis,
837 877 876 945 in
904 879 1089 974 segnitiem
1116 881 1283 980 lapsus,1

192 991 352 1084 saginam
368 990 532 1086 corporis
544 1012 587 1058 ex
598 988 710 1058 nimia
722 986 880 1074 luxuria,
893 987 1154 1089 oculorumque
1168 991 1258 1064 vale·

192 1100 356 1171 tudinem
371 1101 570 1189 contraxit3
583 1097 675 1170 adeo
688 1112 820 1170 utnon
832 1096 1045 1186 solem,non
1058 1101 1258 1199 pulverem,

193 1234 270 1281 non
299 1211 459 1308 denique
484 1208 720 1309 splendorem
752 1177 846 1279 serre
875 1207 965 1279 lucis
992 1211 1102 1307 ipsius
1127 1229 1257 1311 posset.

193 1324 345 1420 Propter
360 1347 440 1418 quac
454 1320 542 1391 dum
559 1320 748 1392 contemni
768 1343 805 1390 se
830 1333 954 1416 putat,
975 1321 1107 1391 saevitia
1128 1345 1286 1418 grassa-2

192 1443 273 1512 tur;
290 1455 359 1502 nec
378 1445 419 1502 ut
440 1445 543 1528 pater
563 1453 745 1501 carcerem
768 1431 886 1519 nexis,
909 1428 972 1501 sed
996 1429 1153 1503 caedibus
1176 1435 1259 1503 civi-

193 1555 303 1610 tatem
320 1540 445 1639 replet.
459 1540 517 1613 Ob
531 1565 611 1638 quae
625 1563 702 1610 non
716 1541 936 1612 contemtior
951 1542 1139 1632 omnibus,
1151 1559 1288 1642 quamt

193 1651 342 1722 invisior
355 1649 433 1722 fuit
447 1655 576 1749 ltaque
591 1673 706 1748 quum
724 1648 858 1721 bellum
872 1651 1042 1725 adversus
1058 1677 1141 1724 eum
1160 1643 1289 1750 Syra-t

193 1763 319 1833 cusani
342 1761 604 1849 decrevissent,
628 1759 691 1832 diu
715 1759 911 1847 dubitavit,
931 1765 1124 1860 imperium
1147 1763 1259 1863 depo·

191 1888 315 1962 neret,
329 1899 376 1945 an
396 1873 493 1945 bello
509 1874 700 1944 resisteret.
717 1871 787 1942 Sed
805 1895 824 1942 a
845 1871 1035 1963 militibus,
1052 1873 1210 1971 praedam
1225 1888 1289 1947 ets

190 1983 293 2056 urbis
323 1985 566 2085 direptionem
593 1981 848 2082 sperantibus,
869 1980 1090 2054 descendere
1112 1987 1148 2054 in
1172 2010 1261 2083 prae·
1324 2067 1332 2084 .

190 2093 279 2166 lium
295 2098 445 2194 cogitur.
458 2097 602 2180 Victus,
616 2117 730 2190 quum
745 2095 873 2163 iterato
892 2117 970 2164 non
991 2091 1128 2166 felicius
1150 2095 1289 2168 [ortu-o

192 2228 277 2275 nam
298 2218 492 2291 tentasset,
509 2203 647 2298 legatos
667 2203 713 2273 ad
735 2206 979 2297 Syracusanos
1003 2207 1133 2293 mittit,
1155 2230 1261 2302 spon-

192 2313 300 2401 dens,
317 2344 335 2379 α
354 2339 391 2384 se
412 2312 663 2409 depositurum
687 2312 939 2407 tyrannidem,
961 2315 991 2383 si
1010 2315 1197 2386 mitterent
1215 2318 1262 2387 ad

191 2443 295 2507 eum,
314 2418 532 2516 quibuscum
555 2416 624 2488 sibi
645 2416 691 2487 de
711 2441 801 2515 pace
823 2421 1134 2490 conveniret.»1n
1153 2447 1289 2518 quam7
1392 2511 1394 2514 Ι

76 2558 80 2566 ·
190 2553 269 2600 rem
288 2532 416 2601 missos
434 2531 613 2627 primores
627 2528 665 2598 in
683 2551 827 2599 carcere
844 2531 996 2616 retinet,
1013 2543 1122 2627 atque
1139 2533 1190 2602 ita
1208 2534 1262 2601 in·

143 2666 147 2674 ’
192 2641 306 2712 cautis
327 2637 519 2739 omnibus,
538 2660 607 2708 nec
627 2641 826 2736 quicquam
847 2638 977 2711 hostile
996 2642 1261 2732 metuentibus,

192 2753 392 2823 exercitum
409 2750 455 2822 ad
475 2746 665 2837 delendam
686 2735 868 2822 civitat'em
890 2751 1008 2821 mittit.
1027 2754 1081 2822 Fit
1097 2753 1204 2850 igitur
1220 2755 1288 2832 ins

192 2863 269 2960 ipsa
285 2860 376 2932 urbe
393 2887 526 2960 anceps
542 2858 724 2958 praelium3
743 2861 781 2928 in
797 2885 872 2958 quo
890 2860 1084 2960 oppidanis
1102 2864 1261 2938 multitu·

193 2971 279 3044 dine
297 2973 570 3070 superantibus,
588 2973 788 3068 Dionysius
809 2972 974 3070 pellitur:
988 2976 1051 3072 qui
1065 3001 1178 3074 quum
1193 2975 1258 3074 ob·

192 3081 373 3155 sidionem
405 3084 497 3154 arcis
524 3086 686 3172 timeret,
718 3107 801 3154 cum
830 3083 933 3154 omni
953 3087 1052 3182 regio
1085 3085 1261 3186 adparatu

227 3275 253 3325 6.
270 3273 420 3324 domorum
434 3273 532 3340 regni...
546 3273 642 3342 spirim
657 3275 709 3346 qm·-
748 3287 784 3323 ne
800 3269 890 3325 vivere
911 3267 1019 3342 quidem
1041 3287 1129 3324 secum
1141 3299 1143 3303 .
1154 3274 1259 3328 sineret.

192 3351 246 3403 lem
259 3355 411 3403 consortium.
423 3351 464 3402 Ne
476 3355 653 3402 tesmonium
664 3358 706 3403 η’-
783 3347 822 3399 11.
840 3367 864 3399 1.
877 3347 981 3399 Stellatis
999 3345 1086 3400 demde
1100 3361 1150 3402 etc.
1162 3352 1260 3405 Confer

191 3432 305 3500 petitum
319 3426 452 3492 offendat,
464 3428 584 3481 conferre
595 3440 621 3480 te
635 3429 708 3500 iubet
749 3423 829 3478 Diod.
841 3424 922 3489 XVI,
935 3427 959 3489 5,
968 3426 1068 3500 olymp.
1078 3428 1137 3491 105,
1148 3446 1177 3490 ²3
1187 3429 1258 3482 Ml.

192 3509 313 3562 Gravius
321 3507 437 3572 XXIII,
448 3525 476 3572 α,
487 3508 516 3571 8,
528 3525 608 3578 quem
619 3509 707 3577 potius
749 3504 809 3574 395.
823 3533 855 3543 -
867 3506 990 3572 sagiuata.
1000 3503 1078 3556 Conf.
1088 3501 1221 3571 XXXIV,
1231 3527 1260 3573 ι,

193 3603 298 3658 sequor,
310 3603 389 3658 quam
398 3584 579 3650 Schellemm,
588 3585 634 3656 qui
644 3576 706 3656 poi.
748 3599 778 3653 73
787 3580 986 3645 xxxvl11,s‚
997 3589 1040 3644 145
1049 3581 1144 3633 AElian.
1154 3583 1209 3648 tx,
1218 3587 1262 3644 ιθ.

192 3665 275 3717 terius
287 3663 370 3716 deleri
383 3663 502 3726 volebat,
519 3676 564 3716 aut
577 3663 707 3729 Febr-um,
751 3691 783 3701 -—
799 3659 972 3731 Oculos-umque
981 3660 1152 3714 ualetudinem.
1166 3663 1205 3715 Ita
1218 3665 1262 3717 Li.

193 3742 254 3813 qui,
265 3743 314 3794 illo
324 3740 422 3804 deleto,
435 3743 585 3813 corrigebat
592 3745 707 3814 spirim
748 3739 809 3792 vius
823 3737 923 3803 XXII,
936 3739 983 3804 34,
998 3757 1023 3790 a.
1035 3737 1106 3792 Vide
1121 3758 1198 3813 supra
1210 3745 1260 3809 μό·

193 3821 304 3872 Sensum
323 3831 411 3872 autem
430 3821 573 3873 verborum
589 3820 708 3873 Graevius
749 3815 802 3870 tam
814 3815 847 3870 ad
861 3815 933 3881 XII,
950 3836 981 3881 2,
997 3833 1020 3868 t.
1035 3831 1081 3871 su.

192 3911 264 3951 recte
276 3898 411 3951 coustituit
420 3899 493 3950 bunc
505 3918 511 3949 ε
521 3900 566 3970 qni
577 3897 709 3951 debebant
785 3917 810 3950 a.
824 3901 907 3948 nexu.
920 3896 985 3967 Cap.
999 3913 1027 3960 1,
1040 3897 1065 3949 5.

194 3992 250 4028 esse
266 3993 327 4028 eum
344 3977 404 4048 ipso
419 3976 530 4029 heredes
547 3978 640 4048 regni,
657 3975 708 4030 bos
785 3973 810 4026 3.
824 3974 861 4026 Oh
873 3991 953 4046 quoe...
960 3973 1020 4039 fiu't.
1032 3977 1092 4040 Qua
1103 3976 1263 4032 smidanon
1281 3981 1284 3990 '

186 4069 230 4105 'ne
252 4055 399 4106 eommunis
419 4053 529 4126 quidem
546 4055 627 4125 bajus
648 4055 710 4108 vitm
750 4052 880 4106 minorem
898 4051 1025 4105 invidiam
1046 4053 1094 4106 sibi
1114 4055 1264 4120 contraxit,

195 4147 275 4183 usura
289 4132 342 4184 Irui
359 4143 493 4204 peteretur
506 4149 512 4184 :
527 4151 587 4199 seu,
602 4133 649 4206 qui
662 4130 710 4184 de·
724 4121 727 4127 ¹
752 4148 830 4201 quam
843 4141 918 4182 entes
928 4131 1033 4186 luxuria
1041 4143 1201 4188 contemtum
1214 4133 1265 4187 sibi

196 4206 293 4260 hebent
305 4210 436 4280 cumipse
448 4227 627 4280 regnare,eos
639 4210 711 4281 ipsos
752 4219 922 4260 contraxerat.
