2967 4684
345 381 727 458 ntstonlannrt
752 387 911 457 LIBER
934 386 1085 458 XLIII.
1130 469 1136 480 ι
1174 382 1242 482 517
1304 471 1311 485 ἱ

185 499 331 574 Inerant
344 518 427 575 ante
441 505 609 588 lacessiti,
622 523 818 605 gesserunt
831 512 996 606 Namque
1010 507 1273 580 Phocaeensest

185 615 377 712 exiguitate
403 639 444 686 ac
472 619 586 688 macie
613 633 716 690 terrae
745 620 880 705 coacti,
907 617 1100 689 studiosius
1128 643 1246 706 mare,

186 749 297 822 quam
323 740 455 814 terras,
477 750 669 800 exercuere
689 756 697 799 ε
716 727 911 828 piscando,
933 725 1150 813 mercando,
1171 727 1246 824 ple·
1358 746 1364 765 “

184 857 342 935 nunqua
356 839 463 908 etiam
478 836 669 910 latrocinio
686 840 814 924 maris,
827 836 927 935 quod
941 837 1008 908 illis
1022 834 1246 935 temporibus

184 945 307 1044 gloriae
317 947 536 1036 habebatur,
546 952 655 1021 vitam
667 948 880 1021 tolerabant.
892 955 1018 1046 Itaque
1032 950 1071 1020 in
1084 948 1275 1018 ultimams

184 1061 321 1128 Oceani
336 1083 437 1130 oram
451 1059 647 1157 procedere
660 1061 756 1146 ausi,
771 1061 810 1130 in
824 1060 946 1131 sinum
960 1059 1137 1130 Gallicum
1153 1059 1246 1129 ostio
1295 1086 1304 1107 =
1364 1057 1367 1062 ’

185 1164 355 1238 Rhodani
368 1170 485 1240 amnis
498 1167 684 1242 devenere.
698 1171 809 1267 Cujus
824 1170 895 1241 loci
912 1173 1118 1241 amoenitate
1132 1171 1245 1266 capti,
1257 1186 1276 1241 7

184 1279 319 1349 reversi
342 1278 507 1367 domum,
527 1278 732 1353 referentes
749 1305 830 1378 quse
845 1279 1031 1366 viderant,
1049 1279 1169 1378 plures
1188 1303 1246 1349 so·

184 1385 372 1460 licitavere.
385 1395 504 1462 Duces
517 1391 637 1463 classis
647 1395 761 1463 Simos
770 1405 805 1462 et
813 1391 930 1462 Protis
938 1387 1048 1461 luere.
1059 1393 1274 1485 inquere-⁸

185 1496 1246 1608 gemSegobrigiorurn,Nannumnomine,inctrjusfinibns

183 1606 314 1679 nrbem
335 1610 492 1684 condere
510 1610 731 1708 gestiebant,
747 1611 939 1681 amicitiam
955 1623 1140 1707 petentes,
1157 1633 1246 1680 con·

183 1719 346 1790 veniunt
359 1725 464 1792 Forte
478 1747 523 1794 eo
535 1721 594 1793 dle
610 1745 674 1793 rex
690 1734 889 1820 occupatus
902 1720 942 1789 in
960 1718 1134 1817 adparatu
1152 1737 1276 1816 nup-s

184 1828 316 1900 tiarum
338 1833 468 1929 Gyptis
490 1830 572 1902 filiae
594 1847 700 1904 erat:
723 1856 833 1930 quam
854 1853 956 1901 more
979 1831 1113 1926 gentis,
1131 1827 1247 1900 electo

184 1939 282 2010 inter
307 1939 430 2037 epulas
459 1965 617 2038 genero,
638 1957 795 2040 nuptum
819 1938 963 2010 tradere
987 1937 1060 2008 illic
1086 1936 1246 2035 parabat.

183 2051 311 2145 Itaque
325 2074 440 2148 quum
456 2051 502 2122 ad
519 2053 663 2150 nuptias
679 2054 821 2122 invitati
840 2073 970 2122 omnes
988 2049 1091 2146 proci
1107 2062 1245 2134 essent,
1261 2069 1295 2107 ¹·

183 2174 359 2256 rogantur
381 2163 487 2232 etiam
505 2162 621 2234 Graeci
639 2161 801 2259 hospites
816 2159 862 2230 ad
879 2161 1095 2230 convivium.
1117 2163 1247 2230 Intro·
1260 2183 1290 2219 u

183 2266 291 2340 ducta
311 2269 443 2343 deinde
464 2274 588 2369 virgo,
607 2295 718 2369 quum
739 2270 928 2368 juberetur
949 2259 968 2340 a
989 2284 1090 2368 patre
1115 2294 1247 2368 aquarn

183 2380 367 2477 porrigere
383 2383 432 2471 ei,
451 2407 559 2479 quem
578 2383 695 2454 vinam
718 2383 883 2480 eligeret,
898 2395 989 2452 ttrnc
1007 2382 1150 2452 omissis
1168 2405 1247 2451 om·

183 2487 293 2562 nibus
306 2490 352 2563 ad
366 2498 512 2596 Graecos
528 2517 722 2580 conversa,
734 2517 866 2591 aquarn
881 2493 980 2564 Proti
993 2494 1167 2589 porrigit:
1183 2493 1247 2591 qui

182 2597 298 2674 sachis
323 2629 368 2674 ex
391 2604 535 2705 hospite
561 2627 691 2704 gener,
717 2604 841 2676 locum
871 2601 1074 2674 condendae
1098 2601 1202 2674 urbis
1225 2627 1247 2674 a

182 2735 310 2786 socero
324 2718 471 2814 accepit.
486 2715 643 2789 Condita
658 2717 769 2814 igitur
783 2714 938 2796 Massilia
953 2728 1007 2784 est
1023 2736 1138 2810 prope
1155 2713 1246 2783 ostIa
1261 2736 1292 2773 υ

183 2819 363 2900 Rhodani¹
381 2828 515 2915 amnis,
539 2829 580 2911 in
609 2839 752 2898 remoto
780 2827 882 2912 sinu,
908 2823 1019 2896 veluti
1044 2825 1084 2892 in
1112 2822 1246 2920 angulo

183 2935 302 3005 maris.
313 2935 383 3006 Sed
394 2937 541 3035 Ligures
553 2939 789 3010 incrementis
800 2935 902 3007 urhis
914 2933 1135 3023 invidentes,
1147 2937 1247 3006 Grae·

183 3067 248 3116 cos
271 3043 427 3120 adsiduis
453 3046 557 3120 bellis
584 3046 792 3146 fatigabant.
816 3049 889 3137 Qui
913 3045 1074 3146 pericula
1097 3044 1294 3144 propul·1³

219 3223 244 3276 5.
256 3224 396 3293 laignitats
407 3243 437 3275 ac
447 3225 523 3274 macie
535 3233 612 3274 rmoe.
623 3221 696 3274 Con·
737 3220 823 3274 Cmr
831 3217 866 3271 de
872 3218 946 3271 Bello
954 3217 1066 3280 Gallim,
1077 3214 1136 3278 Vl,
1147 3214 1188 3268 23.
1199 3231 1246 3266 w.

182 3301 293 3354 utrium
306 3313 373 3354 terra
388 3303 443 3373 ipsa
461 3301 522 3353 uris
539 3301 620 3353 hodie
633 3311 696 3352 nota
771 3303 788 3365 6
811 3301 910 3350 occant
922 3297 1003 3348 Maris
1015 3291 1210 3346 Mediterranei.

183 3378 353 3444 arundinea
370 3381 489 3433 referum
507 3375 636 3432 Herodot.
663 3377 696 3442 I,
771 3373 1153 3446 8.1taqueregem...comeriuat
1167 3368 1247 3421 Conl.

183 3465 253 3522 14²,
269 3469 296 3510 et
315 3457 373 3510 Liv.
388 3455 543 3521 XXXVII,
560 3455 603 3508 31.
623 3456 695 3508 Con-
736 3453 832 3506 Athen.
843 3451 983 3522 x111‚qui
993 3448 1101 3520 quidem
1108 3445 1247 3498 benecan-

183 3533 273 3588 fundit
284 3535 365 3606 igitur
374 3533 423 3586 hos
433 3553 493 3586 curn
504 3531 695 3598 Phocensibus,
736 3530 798 3584 dem
811 3529 946 3582 historiam
960 3528 1052 3588 refert,
1065 3522 1113 3576 recl
1124 3523 1207 3575 variat
1216 3525 1246 3577 in
1335 3525 1339 3534 '

182 3611 308 3667 Phocidis
316 3609 695 3684 incolisquorurnregioarida
734 3608 895 3662 nominibus.
907 3623 953 3659 nn.

183 3704 240 3746 erat
252 3709 282 3746 ac
294 3691 395 3745 sterilia.
406 3721 440 3731 -
454 3691 542 3742 Glorr’oe
554 3689 693 3742 labebatur.
769 3706 795 3756 9.
807 3687 868 3740 tua.
881 3684 937 3737 Cur
946 3684 1015 3734 illic?
1023 3680 1097 3732 Junt
1108 3677 1164 3739 Ille,-
1173 3675 1247 3732 unde

182 3769 254 3822 Hinc
265 3769 310 3822 illa
322 3767 394 3842 apud
403 3769 547 3822 Homerum
559 3767 640 3821 amica
653 3767 694 3820 in·
735 3765 855 3821 scheller
877 3761 948 3814 elicit
958 3761 1031 3811 illico.
1116 3833 1123 3845 ‚

183 3848 326 3918 terrogatio
339 3867 371 3900 au
377 3848 504 3919 predones
516 3851 590 3899 estis?
599 3865 633 3900 ex
641 3863 693 3918 qua
772 3861 812 3898 ιο.
830 3842 902 3894 Pmri
912 3850 997 3890 ment.
1017 3831 1099 3900 Quod
1115 3851 1145 3884 in
1156 3831 1247 3900 Med„

183 3922 394 3996 Thucydidesl,
407 3945 435 3990 ι,
451 3945 497 3990 ss,
508 3925 602 3996 probet
613 3925 692 3977 latro-
733 3923 808 3984 Pan,
821 3921 906 3990 Bong.
920 3929 947 3968 et
962 3931 1046 3983 marg.
1061 3911 1119 3963 Col.
1134 3927 1247 3982 eomp-

184 4002 284 4056 ciniurn
295 4001 365 4074 apud
374 4017 474 4058 veteres
483 4005 588 4058 Graecos
595 4004 694 4076 probro
734 4013 792 4054 tum
799 4011 838 4052 est
847 3998 875 4050 in
882 3995 1059 4067 pmmtsseac
1071 4017 1102 4029 -
1111 3993 1247 4078 decentior.

184 4095 240 4134 non
254 4081 333 4134 inisse
348 4101 355 4133 a
368 4081 442 4152 quod
462 4080 607 4154 deprimis
625 4082 694 4135 Ger·
735 4078 855 4133 Graevius
869 4073 969 4128 mavult
983 4079 1117 4133 mm,
1132 4077 1162 4121 ut
1177 4067 1248 4138 legr-

185 4159 270 4214 nanis
282 4159 372 4217 aierit
387 4160 457 4218 inter
475 4161 539 4218 elios
554 4161 695 4236 scriptores
733 4173 795 4212 mus
806 4155 874 4221 ΧΠ,
889 4156 925 4220 6,
939 4168 963 4204 1·
1042 4185 1046 4192 -
