2967 4684
196 294 267 367 238
620 291 827 361 JUSTINI

198 390 290 503 suis,
300 416 414 487 aureis
429 410 663 511 compedibus
677 415 884 508 catenisque
896 412 934 480 in
946 415 1025 481 vico
1036 409 1251 481 Parthorum

173 528 316 598 aThara
330 526 485 595 vincitur
499 550 507 591 :
524 521 649 610 credo,
663 526 711 592 ita
725 523 801 593 Diis
813 520 1075 593 immortalibus
1089 520 1252 617 judican-

201 638 313 724 tibus,
325 652 365 707 ut
377 636 415 705 in
430 648 523 705 terra
535 658 678 723 eorum,
688 636 751 730 qui
763 636 959 704 successuri
971 634 1123 731 imperio
1134 648 1254 719 erant,

172 752 387 818 3Persarum
404 768 554 840 regnum
573 741 749 815 finiretur.
765 742 964 814 Alexander
981 768 1129 842 quoque
1145 747 1254 815 citato

202 883 309 929 cursu
324 870 466 955 postera
480 856 538 925 die
552 858 774 953 supervenit;
789 854 911 949 ibique
925 857 1094 951 cognovit
1107 857 1254 925 Darium

174 988 190 1043 t
203 968 323 1039 clauso
340 965 505 1037 vehiculo
522 990 588 1065 per
604 981 750 1037 noctem
766 980 1003 1063 exportatum.
1016 971 1121 1039 Jusso
1136 970 1256 1063 itaque

202 1079 361 1149 exercitu
379 1075 569 1174 subsequi,
585 1100 667 1147 cum
687 1100 748 1147 sex
764 1076 922 1147 millibus
938 1079 1102 1173 equitum
1118 1074 1257 1174 lugien-

202 1200 275 1257 tem
296 1189 521 1284 insequitur:
538 1189 577 1257 in
593 1188 722 1256 itinere
740 1185 853 1255 miilta
870 1202 907 1255 et
920 1186 1119 1283 periculosa
1135 1187 1258 1284 praelia

174 1296 297 1369 slacit.
320 1302 494 1368 Emensus
518 1294 650 1367 deinde
673 1295 777 1391 plura
801 1294 911 1363 millia
936 1318 1122 1390 passuum,
1144 1318 1258 1391 quum

203 1408 343 1477 nullum
373 1408 471 1475 Darii
496 1402 670 1473 indicium
695 1405 903 1499 reperisset,
925 1404 1126 1501 respirandi
1158 1409 1259 1501 equis

204 1518 285 1589 data
307 1528 502 1613 potestate,
524 1538 620 1583 unus
646 1537 691 1582 ex
716 1512 911 1599 militibus,
931 1513 1018 1584 dum
1046 1512 1091 1585 ad
1123 1512 1261 1585 fontem

205 1628 410 1726 proximum
425 1626 558 1721 pergit,
570 1625 609 1691 in
621 1621 790 1693 vehiculo
805 1625 970 1710 Darium,
982 1623 1104 1693 multis
1116 1624 1262 1723 quidem
1347 1626 1351 1631 ’

205 1734 417 1808 vulneribus
434 1731 661 1824 confossum,
674 1731 736 1803 sed
751 1733 948 1830 spirantem
966 1732 1085 1804 adhuc
1103 1735 1263 1803 invenit:

178 1865 194 1913 o
208 1849 270 1944 qui
283 1844 455 1942 applicito
468 1844 601 1942 capite,
613 1866 726 1941 quum
739 1845 854 1915 civem
866 1868 910 1914 ex
919 1868 1009 1915 voce
1023 1847 1264 1941 cognovisset,

207 1986 225 2023 α
234 1955 277 2027 Id
289 1954 414 2025 saltem
425 1955 611 2054 praesentis
623 1953 779 2025 fortunae
793 1953 960 2025 solatimn
970 1954 1104 2028 hahere
1116 1980 1154 2027 se
1163 1956 1266 2044 dixit,

209 2063 308 2162 quod
333 2063 429 2162 apud
450 2062 719 2136 intellecturum
740 2063 958 2163 loquuturus
984 2084 1095 2155 esset,
1116 2092 1185 2137 nec
1210 2068 1265 2135 in·

181 2198 349 2260 7cassum
380 2188 578 2272 postremas
606 2200 714 2247 voces
744 2180 948 2249 emissurus.
964 2209 982 2243 s
1007 2176 1159 2249 Perserri
1189 2178 1267 2248 haec

210 2284 413 2360 Alexandro
422 2284 539 2383 jubet:
552 2316 569 2353 u
580 2292 622 2358 Se
635 2285 742 2357 nullis
754 2288 793 2357 in
805 2312 890 2358 eum
900 2291 1110 2359 meritorum
1122 2286 1268 2375 officiis,

209 2399 448 2469 maximorum
466 2396 515 2467 illi
533 2396 736 2469 debitorem
755 2400 866 2487 mori,
880 2398 979 2496 quod
995 2401 1034 2469 in
1049 2415 1163 2469 matre
1179 2397 1267 2468 libe·

210 2512 333 2606 risque
352 2511 443 2596 suis,
463 2510 600 2605 regium
619 2510 714 2604 ejus,
732 2533 813 2579 non
831 2509 997 2580 hostilem
1019 2512 1179 2579 animum
1201 2531 1267 2577 ex-

211 2676 299 2734 Darus,
310 2670 369 2721 coll.
379 2668 444 2721 inira
454 2668 527 2734 XLI,
536 2669 561 2733 5,
570 2688 595 2733 a,
602 2670 720 2721 ubiDara
795 2672 821 2721 6.
831 2670 878 2734 Qui
883 2667 992 2738 applicito
999 2669 1082 2735 cupite.
1089 2664 1141 2729 Qui
1151 2662 1267 2734 (Darius)

210 2747 373 2815 :Theodoto
384 2746 490 2799 demum
499 2746 604 2800 condita
614 2748 720 2813 dicitur,
760 2746 886 2818 applicito
898 2748 988 2815 captim
1001 2744 1037 2812 (i.
1052 2762 1076 2795 e.
1089 2762 1171 2815 quurn
1185 2742 1270 2814 capti·

211 2844 271 2897 quae
290 2825 374 2878 Plinio
396 2824 450 2889 vl,
471 2827 516 2889 18,
535 2839 574 2877 est
592 2830 718 2889 Dmehcm,
761 2842 818 2887 vua,
830 2823 927 2875 scilicet
935 2823 1038 2887 Darius,
1047 2822 1185 2894 applicitus
1194 2832 1270 2886 esset,

213 2903 324 2969 sapato.
336 2898 469 2954 Diodorus
479 2915 565 2955 autem
575 2902 670 2969 XVII,
677 2905 720 2974 73,
761 2921 788 2954 se
799 2901 987 2971 applicuisset),
994 2920 1076 2972 quum
1087 2900 1270 2970 cognovisset:

173 3045 176 3053 Ι
213 2984 302 3029 Bactra
329 2979 465 3042 nominat,
490 2979 563 3033 unde
588 2980 722 3052 refugiens
762 2999 840 3034 sensu
850 2998 911 3032 sane
922 2998 1056 3051 perverso.
1068 2979 1179 3033 Correxi
1191 2980 1273 3050 igitur

214 3056 598 3123 DariusaBesso,Bactrorum
608 3072 721 3131 satrapa,
763 3062 840 3130 capite
858 3076 908 3129 pro
928 3063 1098 3131 captivorum
1119 3058 1272 3129 Bongarsio.

214 3134 248 3187 sit
260 3134 368 3187 occisus.
764 3138 953 3208 Aliilexplicant
962 3138 1031 3201 :Qui
1039 3139 1144 3206 (miles),
1155 3134 1273 3188 adhibito

252 3232 276 3267 a.
293 3217 370 3281 Qui...
382 3225 457 3265 eram.
467 3214 556 3267 Parthi
568 3216 639 3268 euim
650 3234 664 3267 a
676 3218 724 3290 Sy·
764 3217 842 3269 Persa
854 3215 974 3287 captivo,
986 3228 1036 3267 etc.
1051 3216 1084 3267 At
1096 3232 1145 3266 nec
1158 3215 1195 3265 sic
1209 3232 1272 3265 con·

214 3291 252 3344 ris
269 3289 419 3345 deficientes
435 3310 536 3345 norum
554 3294 583 3347 in
602 3295 663 3345 Asia
680 3312 722 3347 an.
765 3295 875 3348 sunctio
888 3306 1002 3357 constat,
1015 3294 1066 3345 nisi
1079 3303 1175 3345 reteras
1188 3294 1230 3365 qui
1241 3290 1275 3344 ad

217 3368 721 3441 498condideruutregnum,XL1,d‚
765 3375 876 3426 Darium
893 3372 928 3423 ita
944 3392 951 3423 ε
968 3372 1013 3442 qui
1032 3371 1175 3440 (Darius),
1192 3388 1276 3442 quum

218 3448 243 3501 3.
257 3449 289 3500 In
304 3448 460 3501 Parthorum
478 3448 561 3520 igitur
579 3462 646 3502 terra
662 3450 725 3503 ulti·
766 3452 815 3505 sihi
826 3450 915 3503 abillo
927 3450 1010 3501 milite
1023 3452 1143 3520 captivus
1155 3461 1221 3501 esset
1233 3446 1277 3500 ad·

216 3544 275 3579 mus
288 3526 425 3581 Persarum
436 3544 483 3579 rex
494 3539 533 3579 est
546 3528 662 3592 occisus,
675 3526 726 3581 diis
765 3530 883 3593 hibitus,
899 3540 926 3579 et
942 3546 975 3579 ex
990 3528 1071 3601 hujus
1090 3548 1155 3583 voce
1173 3530 1276 3581 Persam

218 3604 252 3656 ita
259 3603 447 3675 judicantibus,
453 3605 508 3659 sive
515 3604 725 3658 decernentibus.
767 3608 932 3678 agnovisset,
947 3606 1024 3658 dixit.

254 3684 279 3733 5.
292 3688 407 3735 Erremus
421 3683 508 3735 deinde
520 3696 569 3735 etc.
580 3682 728 3736 Alexander
803 3704 828 3756 7.
844 3692 874 3736 Se
885 3686 957 3736 nullis
969 3688 995 3737 in
1012 3706 1064 3738 eum
1080 3699 1130 3740 etc.
1148 3681 1278 3757 Equidem

219 3756 316 3811 deinde
329 3780 412 3831 quum
424 3764 499 3835 plura
512 3762 593 3815 millia
605 3778 728 3832 pannum
768 3764 870 3815 morior
894 3762 998 3817 debitor
1024 3765 1088 3829 tibi,
1115 3758 1278 3823 Alexander,

220 3852 339 3889 emensus
353 3841 590 3905 esset,neoullnm
599 3840 671 3892 Darii
685 3841 727 3891 in-
768 3841 941 3893 maximoium
972 3844 1010 3916 in⁸
1032 3862 1076 3895 me
1106 3841 1278 3900 meritomm,

221 3912 320 3967 dicium
339 3919 495 3987 reperisset,
515 3917 633 3990 indeque
654 3920 734 3991 equis¹
769 3936 851 3991 mum
863 3921 935 3977 nulla
949 3922 1002 3973 sint
1014 3938 1071 3973 mea
1084 3920 1112 3971 in
1128 3931 1154 3970 te
1170 3916 1278 3967 merito·

221 3990 367 4062 respirandi
403 4000 557 4065 potestatem
594 3994 728 4067 dedisset3
769 3993 1277 4051 melheim—Hostem.Alexandrum.

221 4088 289 4125 uuus
301 4088 333 4125 ex
342 4071 482 4138 militibus,
497 4085 547 4126 eto.
600 4064 603 4073 ’
769 4106 804 4122 η-
819 4080 948 4145 cognatos
962 4078 1083 4141 Bessum
1099 4076 1125 4147 ς.
1141 4092 1165 4128 1.

1281 4215 1290 4259 l
