2967 4684
329 413 710 485 HISTORIARUM
734 415 895 484 LIBER
917 418 1107 489 XXXIX.
1177 419 1248 506 483
1277 437 1286 447 '

191 542 331 614 satione
355 536 527 610 Parthicae
549 533 769 606 crudelitatis
792 536 1028 609 intolerabilis
1044 537 1138 611 facta
1155 557 1251 628 erat,

191 675 278 721 mox
306 648 514 746 Apamenii,
537 659 744 742 caeteraeque
772 647 930 720 civitates
956 651 1159 749 exemplum
1190 679 1252 726 se-

192 775 334 858 quutae,
349 782 414 858 per
430 757 628 829 absentiam
647 756 722 853 ejus
739 780 760 826 a
775 760 959 830 Demetrio
973 755 1147 832 defecere.
1162 766 1280 834 Pto-t

191 871 337 942 lemarus
355 893 518 967 quoque,
529 892 595 938 rex
613 867 772 966 AEgypti,
787 866 883 939 bello
900 867 1088 940 abeodem
1103 873 1253 969 petitus,

192 1005 307 1079 quum
322 980 566 1076 cognovisset,
576 977 804 1075 Cleopatram
816 1003 979 1050 sororem
991 1004 1110 1068 sum,
1121 981 1253 1080 opibus

193 1093 334 1190 AEgypti
362 1088 514 1161 navibus
541 1089 739 1187 impositis,
762 1089 809 1159 ad
834 1087 946 1160 filiam
967 1106 1004 1162 et
1028 1094 1253 1164 Demetrium

192 1225 367 1300 generum
400 1202 439 1269 in
472 1203 611 1295 Syriam
643 1196 864 1297 profugisse,
895 1203 1055 1273 immittit
1081 1204 1253 1298 juvenem

194 1309 377 1409 quendam
402 1312 625 1408 AEgyptium,
649 1303 837 1380 Protarchi
858 1314 1092 1408 negotiatoris
1115 1311 1253 1405 filium,

193 1425 257 1520 qui
279 1445 432 1519 regnum
455 1421 563 1516 Syriae
586 1420 694 1490 armis
713 1434 869 1517 peteret,
891 1423 1093 1520 composita
1109 1419 1280 1510 fabula,5

193 1533 297 1629 quasi
314 1554 378 1627 per
395 1528 631 1628 adoptionem
649 1528 820 1602 Antiochi
843 1532 936 1628 regis
958 1547 1126 1630 receptus
1143 1533 1183 1602 in
1201 1529 1253 1604 fa-

193 1639 328 1712 miliam
343 1643 477 1740 regiam
494 1655 606 1728 esset,
625 1663 694 1710 nec
711 1642 821 1738 Syriis
837 1641 1037 1739 quemlibet
1051 1668 1173 1742 regem
1192 1643 1254 1714 ad·

193 1749 471 1851 spernantibuS,
497 1776 543 1824 ne
574 1753 750 1823 Demetrii
779 1766 991 1850 paterentur
1020 1751 1253 1851 superbiam:

193 1887 331 1934 nomen
356 1863 480 1959 juveni
495 1860 701 1934 Alexandri
732 1863 951 1960 imponitur,
976 1863 1179 1961 auxiliaque
1208 1862 1255 1934 ab

193 1975 347 2073 AEgypto
361 1973 523 2070 ingentia
545 1974 750 2044 mittuntur.
773 1977 914 2046 Interea
932 1997 1065 2072 corpus
1084 1973 1284 2046 Antiochia

193 2083 373 2156 interfecti
396 2107 417 2154 a
438 2108 522 2180 rege
548 2082 786 2170 Parthorum,
808 2085 847 2153 in
872 2082 993 2154 loculo
1014 2099 1186 2182 argenteo
1209 2084 1257 2155 ad

193 2195 415 2292 sepulturam
443 2195 483 2264 in
511 2194 648 2290 Syriam
676 2194 866 2265 remissum
895 2195 1132 2294 supervenit:
1155 2194 1255 2292 quod

194 2329 278 2378 cum
296 2309 435 2404 ingenti
456 2305 575 2378 studio
596 2306 793 2386 civitatium
811 2319 847 2376 et
864 2305 957 2402 regis
978 2302 1190 2394 Alexandri,
1208 2303 1256 2376 ad

191 2414 409 2491 firmandam
426 2414 556 2489 fabulae
573 2413 700 2504 fidem,
716 2417 903 2513 excipitur.
914 2416 1002 2504 Quae
1016 2439 1076 2487 res
1090 2414 1141 2484 illi
1156 2439 1253 2512 mag-

193 2552 285 2600 num
308 2527 468 2602 favorem
491 2525 721 2626 popularium
744 2524 966 2614 conciliavit,
982 2523 1155 2596 omnibus
1175 2549 1253 2596 non

192 2632 295 2708 fictas
317 2638 356 2706 in
375 2659 439 2723 eo,
463 2632 526 2706 sed
545 2657 647 2706 veras
669 2631 846 2729 lacrymas
868 2628 1165 2704 existimantibus.
1182 2634 1281 2709 De·7

192 2749 341 2817 metrius
359 2761 480 2818 autem
498 2746 616 2816 victus
637 2743 684 2816 ab
704 2743 927 2844 Alexandro,
948 2765 1063 2839 quum
1088 2740 1252 2839 undique

193 2855 510 2928 circumstantibus
543 2855 645 2928 malis
676 2869 921 2956 premeretur,
952 2853 998 2926 ad
1029 2865 1253 2953 postremum

228 3101 253 3158 4.
260 3093 408 3146 Ptolemoeus.
414 3093 539 3165 Physcon
544 3093 701 3158 XXXVIII,
742 3091 826 3146 nostri
836 3105 920 3165 pater,
926 3092 1076 3146 Demetrius
1083 3095 1159 3146 Soter
1169 3111 1253 3164 regno

195 3191 225 3236 a,
240 3191 264 3224 a.
274 3203 309 3213 -
319 3179 434 3224 Sororem.
453 3171 487 3222 Et
499 3189 609 3224 uxorem
620 3189 702 3240 repu-
743 3185 771 3225 et
782 3172 836 3226 vita
849 3173 934 3225 fuerat
946 3173 1080 3242 privatus,
1089 3171 1206 3234 XXXV,
1224 3188 1234 3222 r
1245 3207 1254 3234 ,

187 3248 289 3304 ‚diatm
296 3247 702 3312 XXXVIII,1,a;XXXVIII,
743 3254 824 3314 6-103
837 3249 942 3322 quique
951 3261 1065 3320 quatuor
1080 3259 1140 3318 post
1152 3247 1255 3298 annisa

193 3327 400 3392 8,5.-1ttttam.
408 3325 535 3378 Demetrii
544 3341 702 3378 uxorem-
743 3322 1255 3380 Demetrionostrovictusetcnsusfue·

193 3410 305 3458 Immittit.
316 3403 398 3470 Quod
409 3416 447 3458 est
459 3403 574 3456 subornat
586 3401 702 3468 XXXV,
743 3418 784 3458 rat
797 3407 913 3469 XXXV,
924 3423 955 3468 s,
969 3409 1000 3468 A,
1010 3405 1042 3454 A.
1053 3405 1088 3454 U.
1099 3404 1164 3464 6⁰83
1178 3399 1256 3452 inde·

196 3501 226 3549 1,
239 3489 263 3538 6.
278 3514 313 3524 -
326 3485 405 3536 Anno
417 3483 498 3535 Urbis
511 3481 577 3535 625.
744 3502 796 3556 que
809 3484 915 3546 fratrem
928 3480 1052 3532 Antiochi
1065 3478 1107 3528 VI
1122 3477 1188 3540 Del,
1205 3495 1255 3547 per

229 3564 254 3615 5.
272 3564 406 3632 Composito
414 3561 512 3626 sabulo
525 3562 617 3626 Quum
629 3568 703 3612 antea
743 3579 828 3614 mooe
840 3560 956 3613 tiro-612
974 3567 1087 3626 regnum
1103 3555 1256 3624 usurpantis

193 3659 328 3694 rumorem
350 3640 506 3711 sparsisset,
533 3652 561 3692 et
589 3638 704 3691 fabulam
744 3637 883 3700 XXXVI,
898 3651 927 3699 1,
944 3652 955 3687 r
970 3646 1027 3686 not.

192 3719 426 3790 finxissetetquasi
436 3717 704 3790 composuisset,esse
777 3720 805 3768 6.
816 3713 929 3767 Antiochi
942 3712 1062 3774 iamfati
1076 3721 1126 3762 etc.
1144 3709 1255 3779 Respice

193 3797 266 3852 lumc
283 3796 476 3862 Alexandrum,
490 3797 627 3850 Zaleucum
646 3793 704 3848 dic·
746 3790 915 3854 XXXVIII,
934 3805 982 3850 to,
1003 3806 1043 3840 ro.
1059 3815 1094 3826 -·
1111 3791 1255 3858 &penam

194 3888 252 3928 tum
271 3875 390 3946 Josepho
410 3875 500 3941 XIII,
520 3894 567 3946 17,
587 3873 705 3926 lobiam
746 3873 852 3926 Scilicet
869 3866 1008 3937 inopinato
1026 3865 1100 3918 venit
1114 3877 1142 3918 et
1156 3884 1257 3937 perop-

193 3951 315 4006 Diodoro
325 3953 458 4018 XXXIV,
468 3953 560 4024 fragm.
575 3971 608 4006 ao
620 3963 647 4002 et
658 3969 705 4016 aa,
746 3963 874 4022 portune,
883 3955 992 3998 usreete
1001 3943 1259 4016 explicatGrsraina,

193 4031 278 4084 fllium
300 4031 425 4084 Antiochi
445 4033 479 4101 (a
501 4031 604 4086 Parthis
627 4027 706 4082 occisi
747 4031 794 4101 qni
813 4027 884 4080 hanc
901 4021 1026 4076 editionis
1036 4023 1152 4078 lantino
1170 4036 1196 4077 et
1212 4025 1277 4075 Al..

194 4109 372 4174 XXXVIII,
395 4111 424 4176 8,
450 4113 520 4182 ro),
546 4121 591 4164 aut
618 4107 707 4178 potius
748 4107 818 4160 dinc
832 4103 975 4156 lectionem
993 4101 1067 4156 alteri
1080 4107 1188 4174 penem
1201 4105 1261 4174 jure

195 4185 338 4242 Alexandri
360 4187 442 4252 Balsa,
464 4205 479 4242 s
503 4203 557 4258 quo
581 4185 709 4244 Demetrii
748 4183 874 4256 praetulit.
