2967 4684
121 408 1180 448 m

292 553 1010 762 pronascatur

386 914 391 925 ¹
450 929 528 1016 DE
556 924 850 1017 ¹JUSTINO.

44 1302 46 1339 i
124 1350 150 1413 1.
168 1316 329 1418 Jusrrnns
353 1360 482 1437 noster,
508 1345 598 1438 quod
620 1348 689 1441 ipse
711 1370 772 1415 nos
798 1343 896 1412 docet
922 1342 957 1411 in
979 1346 1187 1438 praefatione,

44 1498 46 1553 ὲ
125 1456 285 1553 crcerpsit
307 1456 453 1519 Tnoonst
475 1454 667 1535 Ponrsruu,
691 1455 767 1541 qui,
790 1468 828 1515 ut
849 1449 996 1516 indidem
1018 1452 1188 1540 cognosci·

44 1554 45 1565 ’
124 1575 216 1634 mus,
237 1557 339 1621 totius
359 1556 448 1619 orbis
465 1555 616 1619 historias
637 1556 741 1619 XLIV
763 1554 857 1618 libris
875 1553 1046 1641 scripserat
1068 1553 1188 1635 latine,

44 1634 46 1677 t
125 1652 276 1721 historias
297 1656 517 1745 Plailprpicas
508 1657 692 1746 suscriptas,
709 1654 745 1721 id
761 1672 826 1737 est,
843 1654 913 1721 de
904 1656 1044 1745 amperio
1063 1656 1191 1744 Philip·

44 1746 46 1787 ἶ
123 1757 200 1845 pico
215 1760 282 1823 sive
297 1757 512 1823 Macedonico
521 1760 670 1877 ,quippe
685 1760 719 1823 in
737 1776 804 1847 quo
822 1760 924 1841 major
937 1780 1011 1849 pars
1027 1759 1154 1849 operis,
1171 1781 1191 1821 a

44 1938 46 1949 ,
123 1858 182 1923 lib.
197 1860 258 1923 Vll
274 1860 315 1925 ad
331 1860 422 1943 XLI,
436 1875 607 1926 versatur:
625 1863 658 1927 in
675 1862 797 1949 quibus
818 1862 1015 1927 imitandum
1030 1863 1094 1926 sibi
1111 1884 1191 1951 pro·

123 1974 278 2048 posuerat
291 1963 440 2051 inprimis
453 1964 729 2051 Theopompum,
743 1962 894 2029 Isocratis
909 1964 1112 2040 auditorem,
1129 1964 1193 2027 his·

123 2065 268 2126 toricum
280 2064 380 2127 aetatis
392 2080 457 2127 suae
470 2063 742 2144 celeberrimum,
756 2064 849 2143 cujus
861 2064 1040 2153 fragmenta
1055 2064 1194 2129 collecta

44 2186 47 2233 t
124 2180 158 2227 et
174 2164 333 2229 illustrata
349 2164 442 2257 aride
463 2180 685 2253 exspectamus
700 2188 719 2227 a
735 2164 773 2227 F.
790 2162 939 2245 Kochio,
955 2181 1084 2229 rectore
1100 2188 1193 2253 gym-

44 2310 47 2329 .
125 2266 234 2345 nasii,
263 2264 353 2353 quod
380 2266 499 2330 Stetini
527 2262 645 2349 iloret,
673 2264 873 2330 doctissimo.
904 2265 972 2347 Qui
996 2265 1130 2351 quidem
1155 2281 1195 2329 ut

125 2365 191 2428 XII
202 2366 295 2429 libris
305 2413 314 2448 ,
325 2364 416 2451 quod
425 2366 653 2453 cognoscimus
662 2388 704 2429 er
715 2364 863 2428 Diodoro
872 2366 984 2429 Siculo
997 2366 1103 2454 (XIV,
1116 2365 1194 2454 84),

44 2532 48 2549 ,
113 2466 294 2555 'amplexus
317 2466 423 2530 fuerat
444 2466 615 2530 historiam
639 2466 830 2531 Graecorum
847 2465 889 2531 ab
904 2490 990 2531 anno
1006 2467 1085 2533 inde
1100 2468 1142 2533 U.
1158 2472 1196 2533 C.

128 2568 212 2651 344,
227 2568 287 2633 ubi
300 2566 512 2657 Thucydides
528 2568 733 2650 substiterat,
745 2567 787 2632 ad
799 2590 922 2633 aunum
935 2592 1039 2658 usque
1053 2570 1135 2653 3603
1148 2571 1198 2636 sic

125 2670 304 2760 Pompeius
321 2670 377 2734 ille
391 2692 410 2733 a
425 2670 536 2752 Nino,
551 2670 658 2758 primo
675 2673 880 2761 Assyriorum
896 2694 991 2761 rege,
1007 2672 1049 2737 ad
1065 2676 1197 2763 Augus·

44 2754 49 2771 ’
126 2789 200 2837 tum
222 2795 347 2860 uque,
361 2773 468 2836 tonus
490 2767 580 2837 orsu
596 2772 748 2838 historias
769 2773 873 2838 xuv
887 2774 981 2840 nuru
1003 2776 1196 2866 complexus

119 2876 250 2955 vfuerat,
266 2896 430 2940 annorum
448 2872 534 2939 2155
552 2877 669 2940 seriem
686 2898 901 2965 percurrens,
917 2877 986 2945 iere
1000 2879 1087 2944 circa
1099 2881 1137 2943 A.
1154 2880 1196 2944 U.

129 2978 211 3064 748,
226 2978 373 3065 quinque
387 2977 480 3041 annis
495 2994 571 3043 ante
587 2978 753 3043 Christum
766 2994 892 3043 natum.

175 3080 249 3166 lpse
263 3080 396 3143 natiorm
414 3078 542 3160 Gallus,
558 3094 668 3142 ortum
688 3080 835 3160 trahens,
853 3079 975 3167 quod
964 3102 1036 3169 ipso
1061 3094 1198 3146 auctore

131 3180 275 3270 (XLIII,
294 3177 311 3243 5
322 3178 411 3265 ,rr)
434 3127 622 3261 referiinus,
638 3204 657 3243 a
671 3180 840 3246 Vocontiis
856 3181 1134 3297 (Delphinatu,
1109 3204 1197 3263 srve,

44 3310 48 3335 ν
116 3280 223 3370 ,quod
247 3302 367 3347 nomen
392 3282 598 3397 nuperrima,
618 3304 691 3369 quae
711 3284 862 3365 evanuit,
884 3297 917 3347 et
939 3284 1077 3371 imperio
1102 3282 1198 3345 cessit

44 3418 48 3435 ·
130 3408 210 3451 mox
225 3386 366 3451 invicem
378 3384 541 3474 perituro,
556 3384 680 3449 Gallica
694 3384 879 3475 respublica
888 3384 969 3448 huic
982 3399 1132 3448 recenter
1145 3381 1200 3445 da-

44 3518 48 3563 t
131 3504 204 3553 tunt
219 3489 374 3569 servavit,
392 3486 451 3549 Les
471 3486 590 3550 Hautes
611 3484 745 3575 Aluos),
759 3508 857 3551 arum
871 3486 1048 3566 habuerat,
1065 3508 1084 3547 a
1099 3484 1197 3547 Pom·

111 3629 112 3632 =
130 3590 207 3679 peio
229 3590 349 3679 Magno
372 3590 406 3653 in
430 3588 521 3653 bello
544 3589 753 3671 Sertoriano,
768 3590 807 3653 A.
823 3588 864 3651 U.
882 3581 1050 3676 tyb-681,
1067 3585 1198 3651 civitate

132 3694 279 3759 Romana
297 3691 473 3773 donatum3
494 3708 649 3781 patruum
670 3693 732 3756 sub
755 3690 872 3756 eodem
891 3690 1087 3779 imperatore
1108 3690 1201 3755 bello

132 3793 373 3876 Mithridatico,
390 3781 436 3859 A.
449 3796 490 3859 ll.
508 3794 674 3883 687·69a,
693 3796 842 3883 equitum
860 3810 1041 3857 turmarum
1061 3792 1198 3878 ducem;

132 3912 258 3987 patrem
271 3897 333 3961 sub
345 3898 485 3979 Caesare,
498 3882 677 3964 Galliarum
690 3896 906 3986 proconsule,
921 3899 958 3960 A.
973 3896 1013 3961 U.
1031 3896 1198 3985 695-703‚

133 3998 347 4081 militantem,
366 3998 576 4087 ejusdemque
592 4000 798 4090 imperatoris
822 3998 1032 4087 epistolarum
1057 4016 1091 4065 et
1111 4002 1201 4088 lega-

133 4101 280 4183 tionum,
294 4100 391 4165 simul
407 4117 439 4167 et
454 4101 567 4166 annuli
585 4124 697 4189 curam
713 4101 899 4168 habentem.
921 4175 923 4178 ¹

296 4226 300 4230 .
1036 4230 1047 4276 ¹
1115 4222 1118 4227 .
