2967 4684
246 395 315 477 aaa
666 388 874 457 rusruu

245 536 329 586 cum
350 514 527 609 regiarum
549 534 670 609 greges
693 508 812 580 electae
835 504 1114 605 pulchritudinis
1133 506 1300 577 nobilita-

174 638 177 644 ·
201 652 229 691 ιι
244 626 379 722 tisque,
393 626 556 695 noctium
569 623 664 693 vices
679 619 816 691 dividit.
830 620 893 689 His
908 616 1016 689 rebus
1034 619 1200 713 ingentes
1216 643 1302 715 epu·
1388 644 1391 649 ·

244 732 359 804 larum
373 731 562 831 adparatus
576 730 714 825 adjicit,
727 756 774 799 ne
785 729 906 824 jejuna
919 744 955 799 et
968 727 1149 799 destructa
1160 728 1300 799 luxuria

244 843 435 933 videretur,
449 843 724 937 conviviumque
737 840 838 935 juxta
851 839 982 935 regiam
997 836 1299 935 magnificentiam

225 1009 226 1017 .
244 952 338 1025 ludis
356 968 533 1025 exornat:
552 954 742 1023 immemor
760 974 928 1047 prorsus,
946 963 1062 1020 tantas
1080 973 1168 1046 opes
1187 950 1301 1020 amitti

244 1060 302 1133 his
320 1063 501 1149 moribus,
519 1086 595 1131 non
616 1062 727 1161 quaeri
746 1058 871 1129 solere.

218 1206 230 1239 s
292 1177 349 1243 IV.
364 1178 463 1244 Inter
478 1170 555 1243 hacc
572 1169 774 1267 indignatio
792 1170 956 1239 omnium
973 1174 1057 1241 totis
1073 1172 1195 1242 castris
1208 1184 1301 1258 erat,

244 1307 265 1352 a
279 1281 445 1380 Philippo
459 1282 559 1353 illum
573 1296 673 1380 patre
688 1294 830 1351 tantum
844 1279 1124 1377 degeneravisse,
1138 1297 1180 1352 ut
1192 1284 1300 1353 etiam

244 1394 368 1490 patriae
396 1417 530 1465 nomen
560 1394 735 1486 ejuraret,
762 1412 954 1488 moresque
981 1394 1166 1463 Persarum
1194 1392 1300 1463 adsu-

217 1538 231 1571 ι
244 1518 375 1591 meret,
393 1528 484 1600 quos
503 1516 651 1601 propter
667 1500 752 1571 tales
765 1525 885 1571 mores
897 1504 1040 1572 vicerat.
1054 1501 1183 1572 Sed-ne
1203 1502 1300 1573 solus

242 1613 336 1682 vitiis
359 1636 504 1699 eorum,
527 1636 617 1707 quos
639 1612 748 1681 armis
769 1608 976 1708 subegerat,
995 1611 1226 1684 succubuisse
1247 1616 1299 1683 vi-

242 1720 405 1810 deretur,
425 1721 597 1792 militibus
621 1746 769 1819 quoque
794 1723 867 1792 suis
891 1723 1071 1819 permisit,
1092 1725 1120 1792 si
1146 1747 1299 1818 quarum

242 1832 462 1927 captivarum
482 1830 746 1903 consuetudine
763 1847 987 1919 tenerentur,
1000 1832 1133 1904 ducere
1148 1857 1299 1904 uxores:

213 1941 447 2012 aexistimans
471 1944 649 2013 minorem
675 1944 713 2013 in
737 1945 890 2041 patriam
910 1943 1046 2014 reditus
1068 1942 1301 2041 cupiditatem

240 2050 419 2140 futuram,
439 2051 659 2124 habentibus
684 2055 723 2122 in
749 2056 873 2124 castris
897 2056 1089 2149 imaginem
1116 2054 1300 2149 quandam

213 2162 388 2252 tlarium,
403 2187 444 2234 ac
461 2163 664 2235 domesticae
682 2162 794 2251 sedis3
813 2163 918 2233 simul
937 2178 973 2232 et
989 2162 1150 2233 laborem
1166 2164 1299 2236 mititiae

212 2272 441 2343 tmolliorer'n
467 2272 545 2343 lore
568 2272 761 2343 dulcedine
784 2296 949 2342 uxorum.
976 2276 1020 2341 In
1050 2274 1299 2372 supplementa

242 2407 389 2480 quoque
407 2384 561 2454 militum
577 2383 697 2452 minus
714 2380 897 2451 exhauriri
913 2406 1018 2480 posse
1031 2382 1298 2472 Macedoniam,

241 2496 270 2563 si
287 2496 467 2565 veteranis
484 2491 646 2592 patribus
665 2496 801 2563 tirones
818 2490 884 2562 filii
901 2490 1154 2579 succederent,
1167 2494 1296 2564 mihta·

212 2604 312 2672 ⁶turi
337 2605 376 2672 in
400 2602 512 2689 vallo,
536 2604 575 2671 in
602 2627 675 2699 quo
703 2617 823 2674 essent
846 2604 939 2690 nati;
960 2603 1295 2699 constantioresque

241 2711 370 2798 futuri,
389 2713 419 2781 si
437 2734 513 2781 non
537 2710 653 2782 solum
679 2713 862 2799 tirocinia,
879 2738 1003 2784 verum
1021 2726 1057 2783 et
1074 2713 1295 2785 incunabula

213 2838 229 2889 7
242 2822 281 2890 in
296 2823 382 2919 ipsis
396 2820 519 2891 castris
535 2822 747 2919 posuissent.
763 2825 850 2911 Quae
864 2822 1088 2894 consuetudo
1102 2823 1141 2892 in
1154 2848 1294 2897 succes·

250 2988 253 2997 ’
279 3012 318 3049 11.
332 3000 466 3047 Danaeia.
482 2995 523 3047 Ne
538 3013 598 3047 cum
611 2994 749 3047 Persarum
788 2986 900 3067 amplius
921 2994 1033 3049 Macedo
1055 2996 1135 3049 vellet
1153 2999 1297 3068 appellari„

241 3089 325 3143 regno
336 3071 467 3125 destructo
481 3070 609 3125 destructa
623 3073 700 3125 simul
710 3072 749 3127 vi·
788 3074 835 3127 sed
852 3094 897 3127 rex
915 3076 1004 3148 potius
1026 3076 1177 3141 remum,
1197 3078 1296 3149 quippe

241 3149 348 3204 deretur
380 3169 435 3204 ease
466 3151 570 3203 luxuria
602 3152 747 3205 Persarum.
788 3172 903 3224 quorum
911 3170 997 3206 mores
1008 3154 1295 3223 etluxumimitaretur‚

241 3229 320 3283 Conf.
332 3228 388 3293 XI,
405 3248 449 3293 ro,
466 3247 519 3282 m.
535 3228 750 3283 Graviustamen
788 3248 874 3302 neque
892 3250 907 3283 a
925 3231 1114 3284 Macedonibus
1131 3234 1209 3285 vellet
1226 3236 1294 3287 salu·

240 3308 340 3361 mavult
353 3311 471 3371 restricta,
483 3305 574 3371 idest,
585 3325 677 3379 parea,
685 3310 745 3362 coll.
788 3309 852 3373 tari,
863 3308 932 3361 seda
941 3309 1025 3362 Persis
1036 3309 1153 3373 adorari,
1164 3328 1220 3383 cap.
1233 3331 1259 3381 7,
1270 3329 1293 3364 r.

241 3387 310 3439 infra
323 3384 423 3451 XLIV,
436 3407 466 3451 2,
483 3386 568 3452 r,ubi
579 3398 616 3439 est
632 3386 748 3439 wicta
788 3386 914 3440 Similiter
932 3400 992 3439 sunt
1009 3388 1076 3439 infra
1094 3386 1184 3451 xm,
1198 3391 1228 3450 6,
1244 3406 1292 3455 ιο,

240 3466 418 3536 parcimonia3
435 3466 518 3518 Tacit.
535 3465 604 3519 Anu.
621 3464 683 3531 XV,
700 3468 746 3532 48,
788 3464 903 3537 Philippi
921 3477 948 3517 et
960 3464 1101 3517 Alexandri
1122 3464 1237 3517 nomina.
1258 3496 1294 3509 -

241 3545 272 3608 5,
283 3545 330 3597 ubi
345 3555 384 3597 est
401 3546 519 3614 inperitae
533 3562 582 3595 uon
602 3548 745 3610 restrictum,
788 3549 888 3614 Propter
896 3543 956 3593 tales
967 3562 1050 3595 mons.
1060 3542 1167 3595 Talibus
1176 3543 1293 3597 moribus

239 3638 285 3674 nec
304 3640 451 3693 perseverum
474 3624 540 3691 qus,
566 3625 608 3693 qui
633 3620 748 3690 magmfl-
789 3633 941 3692 corruptos,
954 3638 1009 3691 cap.
1023 3621 1052 3683 3,
1069 3638 1109 3673 rr.

241 3702 340 3764 contire,
364 3700 529 3774 etaliquando
545 3700 747 3769 luxuiiudulget,·
823 3707 847 3763 4.
864 3698 978 3750 laborem
991 3700 1087 3750 mr'litrie.
1100 3699 1183 3751 Tacit.
1198 3699 1291 3751 Annal.
1373 3748 1374 3751 ,

241 3774 297 3827 Cic.
315 3775 424 3833 adDiv.
443 3778 505 3842 111,
526 3778 555 3842 8,
575 3779 606 3831 28
627 3782 748 3829 :Natura
787 3774 849 3842 111,
864 3776 911 3842 34,
933 3779 948 3829 5
968 3795 975 3828 :
996 3778 1065 3827 Bella
1087 3774 1162 3848 plane
1181 3781 1293 3829 werhen}

241 3870 330 3923 semper
347 3858 383 3908 ad
398 3857 545 3927 largiendum
562 3876 592 3907 er
612 3856 690 3909 alieno
708 3857 748 3919 sui
787 3854 896 3906 obeunda
908 3874 918 3906 .·
929 3854 974 3906 sed
983 3854 1148 3908 revertentibus
1158 3867 1217 3925 post
1226 3854 1293 3905 labo·

241 3934 561 4007 restrictior-5Pmpert.11,
573 3934 749 4005 23,ubipater
787 3951 847 3996 reru,
870 3933 936 4005 quod
953 3934 1074 3985 honestius
1094 3952 1165 4006 quam
1184 3936 1291 3985 urorum

241 4014 359 4061 nstrum
369 4025 408 4065 est
417 4025 529 4066 attentus
540 4010 574 4065 ad
586 4028 655 4076 rem,
668 4012 748 4067 nimis
787 4012 1013 4065 levamentumrnn.

242 4087 361 4159 diligens.
821 4089 1291 4162 7.1n.1.e.ad,nisimaliscumBong.

275 4164 326 4217 tv.
341 4183 363 4219 1.
373 4168 461 4219 Patria
471 4186 556 4219 nomen
565 4171 674 4237 es'urant.
685 4171 747 4225 Non
786 4180 813 4224 et
825 4187 880 4224 uno
892 4168 950 4223 cod.
968 4170 1055 4243 legere
1068 4168 1281 4225 ascensoribus.
