2967 4684
386 413 770 485 IllSTORIARUM
796 402 954 480 LIBER
980 411 1017 478 V.
1170 411 1236 482 163

168 536 350 612 Alcibiade
378 538 631 634 auspicantur,
654 555 701 603 ne
729 533 859 603 iterum
883 531 1144 631 rempublicam
1168 534 1237 605 sub

154 647 322 721 obtentu
335 645 558 718 liberationis
570 642 766 714 invaderet.
778 645 896 732 Quem
905 667 1020 740 quum
1032 642 1236 740 profectum
1253 653 1283 708 13

167 759 213 832 ad
225 765 473 846 Artaxerxem,
485 761 674 840 Persarum
686 777 806 852 regem
818 806 828 840 ,
839 756 1115 852 comperissent,
1128 757 1238 828 citato

166 870 295 940 itinere
318 870 514 955 miserunt,
541 867 605 964 qui
630 889 714 937 eum
737 866 1027 963 interciperent:
1055 879 1076 936 a
1103 865 1237 964 quibus
1252 885 1285 942 rt

168 994 384 1077 occupatus,
400 1003 515 1076 quum
539 975 657 1048 occidi
680 991 803 1074 aperte
821 1000 899 1046 uon
919 991 1060 1075 posset,
1074 979 1179 1050 vivus
1197 981 1236 1047 in

168 1089 356 1176 cubiculo,
371 1091 498 1186 inquo
513 1085 735 1175 dormiebat,
748 1101 927 1158 crematus
940 1105 1003 1160 est.

217 1205 282 1271 IX..
292 1200 448 1272 Liberati
460 1198 533 1270 hoc
547 1198 675 1268 ultoris
687 1213 787 1269 metu
799 1201 965 1294 tyranni,
978 1201 1126 1273 miseras
1137 1201 1239 1274 urbis
1254 1229 1265 1263 1

168 1310 336 1408 reliquias
354 1310 514 1382 caedibus
533 1323 570 1378 et
591 1310 728 1407 rapinis
750 1307 977 1378 exhauriunt.
996 1309 1103 1398 Quod
1124 1332 1267 1407 quami

168 1420 357 1520 displicere
373 1422 439 1492 uni
457 1445 501 1490 ex
520 1443 675 1489 numero
690 1443 758 1488 suo
774 1416 992 1489 Therameni
1013 1417 1239 1506 didicissent,

167 1533 286 1631 ipsum
304 1542 451 1630 qu‘oque
474 1529 520 1600 ad
540 1543 717 1600 terrorem
740 1530 906 1599 omnium
927 1526 1163 1600 interficiunt
1186 1531 1269 1601 Fica

168 1643 332 1741 igiturex
345 1642 437 1713 urbe
452 1641 584 1740 passim
600 1641 766 1712 omnium
780 1637 883 1736 luga,
895 1637 1130 1738 repleturque
1141 1644 1239 1710 Gree-

169 1755 223 1824 cia
241 1752 515 1824 Atheniensium
538 1749 731 1822 exsulibus.
747 1749 856 1839 Quod
874 1751 982 1820 etiam
1001 1753 1120 1849 ipsum
1139 1754 1270 1828 auxi-t
1302 1757 1307 1770 ’

168 1863 256 1935 lium
271 1888 384 1962 quum
397 1863 537 1934 miseris
552 1864 753 1960 eriperetur
767 1861 867 1957 (narn
882 1861 1241 1936 Lacedaemoniorum
1328 1931 1331 1934 ,

169 1973 289 2046 edicto
309 1977 469 2048 civitates
485 1973 625 2045 exsules
638 1975 801 2071 recipere
819 1972 1148 2072 prohibebantur);
1163 2000 1242 2046 orn·

169 2109 289 2156 nesse
311 2091 422 2183 Argos
442 2101 478 2156 et
494 2084 637 2156 Thebas
656 2084 855 2155 contulere.
873 2083 928 2154 Ibi
951 2109 1030 2155 non
1046 2085 1165 2156 solum
1186 2100 1270 2157 ιιι-5

168 2207 248 2264 tum
258 2193 422 2264 exsilium
431 2209 601 2290 egerunt,
612 2217 741 2264 verum
752 2193 859 2264 etiam
870 2218 972 2291 spem
982 2195 1242 2292 recuperandae

170 2305 306 2402 patriae·
322 2319 549 2402 receperunt.
576 2309 661 2374 Erat
686 2305 783 2374 inter
809 2302 948 2374 exsules
973 2303 1272 2400 Thrasybulus,s

170 2417 226 2486 vir
247 2430 436 2504 strenuus,
455 2430 492 2486 et
510 2413 608 2485 domi
625 2412 779 2501 nobilis,
796 2415 860 2511 qui
880 2412 1090 2485 audendum
1107 2416 1243 2513 aliquid

170 2552 239 2624 pro
257 2527 373 2626 patria
390 2542 426 2598 et
451 2552 519 2626 pro
543 2526 656 2597 salute
676 2525 887 2613 communi,
909 2525 1017 2595 etiam
1039 2531 1123 2596 cum
1147 2530 1243 2624 peri·

170 2639 274 2727 culo,
303 2653 422 2725 ratus,
453 2637 620 2709 adunatis
648 2634 854 2723 exsulibus,
886 2635 1071 2706 castellum
1101 2636 1242 2734 Phylen

170 2751 372 2822 Atticorum
397 2747 530 2822 finium
554 2763 741 2848 occupat:
770 2771 839 2818 nec
861 2745 985 2818 deerat
1012 2750 1270 2845 qararuudamr

170 2969 185 3003 a
204 2951 302 3002 Nostro
322 2948 473 3014 confusam
492 2949 552 3002 coll.
569 2947 638 3002 Plut.
657 2948 685 3000 in
727 2948 780 3020 ipsi
793 2946 985 3000 occiderentur.
999 2948 1055 3002 Hac
1068 2948 1144 3004 dere
1155 2965 1243 3006 antem

171 3029 223 3081 vita
238 3043 295 3098 cap.
310 3025 404 3094 38-39.
728 3027 799 3080 conf.
808 3025 888 3079 Diod.
897 3028 973 3092 XIV,
983 3027 1041 3081 3-6.

209 3104 249 3156 13.
263 3109 431 3154 Artaxerxem.
443 3102 613 3154 Mnemoneru
630 3104 685 3156 scil.
764 3125 789 3158 a.
809 3109 857 3156 Uni
875 3125 907 3156 ec
928 3125 1027 3156 numero
1048 3125 1101 3160 suo.
1120 3108 1243 3178 Triginta

171 3181 245 3236 Darii
255 3182 546 3250 succesmrem¹§.7an.
563 3181 685 3235 350-388.
727 3183 788 3235 illos
808 3196 980 3257 tyrannorum
999 3186 1109 3237 nomine
1129 3188 1242 3239 fumosos

209 3265 250 3324 14.
267 3263 365 3312 Vivus...
380 3270 497 3310 eminutus
509 3270 559 3312 etc.
571 3260 632 3312 Non
643 3261 686 3313 vi·
728 3262 848 3314 nominat
868 3263 937 3314 Xera.
959 3263 1027 3314 Hell.
1051 3263 1094 3326 11,
1115 3263 1147 3329 3,
1168 3284 1193 3315 r.
1207 3293 1242 3305 -

172 3357 235 3404 vus,
247 3337 293 3391 scd
305 3349 426 3390 mortuus
438 3339 507 3410 jam,
520 3349 546 3388 et
557 3337 614 3388 telia
625 3338 686 3389 bar-
731 3341 878 3392 Thammeui.
890 3338 958 3393 Xeu.
969 3341 1038 3392 Hell.
1050 3341 1092 3404 ΙΙ,
1104 3341 1133 3406 3,
1149 3342 1241 3406 15-563

171 3420 295 3472 berorum
304 3416 439 3480 confixus,
447 3418 522 3488 juxta
534 3415 648 3467 Probum
661 3429 687 3468 et
728 3418 784 3473 Cic.
795 3420 874 3471 Tunc.
886 3420 915 3484 1,
928 3420 977 3484 ⁵93
990 3418 1069 3471 Diod.
1080 3419 1156 3484 XIV,
1168 3421 1224 3473 3-5.

171 3498 343 3550 Plutarchum
364 3495 391 3548 iu
414 3492 557 3548 Alcibiade.
583 3511 629 3547 ru.
652 3523 686 3536 —
769 3503 793 3560 A.
826 3498 959 3549 Auxilium.
1002 3502 1101 3549 Unicum
1141 3497 1243 3552 addunt

172 3576 251 3628 Auno
263 3575 343 3627 Urbis
358 3573 416 3625 350.
727 3577 819 3640 Junc,
834 3576 930 3629 Colon.
945 3587 973 3626 et
981 3575 1041 3628 Atd.
1053 3607 1085 3615 -
1097 3579 1132 3629 lt
1151 3579 1243 3632 Tledco

208 3654 259 3706 tx.
279 3675 302 3706 ι.
324 3652 434 3704 Gadibus
453 3664 478 3702 et
498 3655 596 3724 rapitis.
617 3651 685 3704 Hinc
726 3656 855 3706 contulere.
877 3655 1045 3706 &ananum
1066 3655 1137 3707 enim
1159 3659 1241 3710 Lace-

174 3733 293 3786 Socrates
304 3729 376 3803 apud
388 3733 457 3784 Xen.
468 3731 548 3783 Mem.
560 3732 586 3795 Ι,
598 3749 626 3796 a,
638 3731 684 3794 tr,
727 3732 864 3786 daemoniis
872 3729 1004 3797 edictum,
1014 3733 1043 3786 iu
1052 3735 1171 3788 exsulum
1182 3755 1242 3808 gra-

173 3812 341 3882 comporabat
353 3829 399 3862 eos
415 3829 475 3862 curn
492 3809 624 3872 bubulco,
640 3809 687 3880 qni
728 3813 789 3865 tiam
800 3811 925 3864 tulerunt.
942 3829 988 3864 an.

172 3889 254 3942 borea
264 3888 402 3942 reduceret
413 3900 439 3940 et
452 3889 590 3959 pauciores
601 3901 628 3940 et
638 3903 686 3960 pe·
763 3897 789 3943 6.
808 3890 978 3964 Thrasybulus.
994 3892 1034 3943 De
1046 3894 1122 3964 cnjus
1137 3895 1241 3966 precla-

171 3969 251 4039 jorea.
262 3995 263 3998 ¹
275 3969 355 4031 Nam,
374 3969 489 4020 Isocrate
513 3979 619 4022 auctore
637 3967 686 4034 (in
728 3968 823 4021 rissimi
842 3968 932 4033 duris,
950 3980 1003 4021 tam
1020 3971 1088 4024 bene
1105 3970 1139 4035 de
1158 3976 1242 4045 patria

174 4049 342 4118 Areopago),
359 4047 426 4099 1500
437 4045 508 4098 cirea
519 4043 687 4108 occiderunt,
729 4047 837 4112 meriti,
867 4049 921 4100 rita
950 4050 1074 4120 exposuit
1103 4053 1241 4104 Cornelius

175 4126 323 4196 etamplius
336 4123 405 4178 ὅσοι)
416 4125 444 4177 in
455 4125 582 4177 Piraeeum
593 4125 688 4176 conlu-
717 4168 718 4176 ,
730 4127 821 4197 Nepos
832 4143 873 4177 nr.
886 4129 917 4188 83
932 4128 992 4179 coll.
1008 4126 1087 4182 Diod.
1101 4129 1177 4196 xlv,
1192 4133 1241 4195 323
1254 4151 1263 4164 ·

177 4205 689 4276 geuecocgemntperoulsosmetumeet
732 4206 802 4256 Xen.
815 4204 877 4255 llell
898 4205 941 4269 ll,
954 4211 978 4268 4.
