2967 4684
272 472 277 486 ,
350 415 732 491 HISTORIARUM
758 416 917 484 LIBER
942 418 1087 486 XXIX.
1179 417 1250 503 [103

189 548 269 619 Asia
291 545 339 616 sit
358 565 480 629 mora,
497 539 585 611 dum
604 539 700 608 inter
719 560 758 607 se
779 534 877 607 bello
897 536 1091 609 discrimen
1110 539 1251 638 imperii

186 653 343 727 faciunt:
354 666 524 724 caeterum
534 649 654 721 statim
664 644 864 718 victoribus
874 651 1065 722 transitum
1077 651 1116 720 in
1126 651 1253 722 Orien·

187 781 260 837 tem
278 761 367 836 fore.
377 793 395 828 n

235 878 297 945 111.
315 872 477 944 «Videre
493 895 531 942 se
547 870 688 966 itaque,
705 868 774 956 ait,
794 887 1076 967 consurgentem
1094 875 1134 943 in
1152 872 1278 944 ltalia1

187 983 326 1057 nubem
346 982 443 1053 illam
463 981 577 1052 trucis
592 995 629 1052 et
646 981 790 1053 cruenti
806 977 913 1051 belli:
927 967 1048 1055 vider'e
1063 999 1254 1058 tonantem

188 1120 231 1168 ac
245 1093 499 1166 fulminantem
516 1090 563 1163 ab
580 1096 722 1164 Occasu
740 1090 956 1190 procellam,
970 1119 1079 1191 quam
1097 1099 1135 1167 in
1152 1123 1256 1195 quas·

187 1227 337 1305 cunque
354 1221 533 1278 terrarum
551 1217 671 1302 partes
686 1205 845 1275 victoriae
862 1217 1055 1302 tempestas
1070 1206 1254 1297 detulerit,

186 1341 320 1415 magno
341 1317 482 1388 cruoris
505 1313 623 1385 imbre
644 1315 769 1385 omnia
789 1312 1014 1386 fordaturam.
1033 1321 1283 1415 Frequentera

186 1429 362 1499 Graeciam
390 1427 557 1524 ingentes
583 1439 705 1496 motus
731 1449 892 1525 passam,
919 1449 1020 1498 nunc
1048 1432 1256 1520 Persarum,

188 1563 290 1610 nunc
305 1535 512 1626 Gallorum,
526 1559 628 1607 nuno
648 1535 894 1609 Macedonum
912 1536 1036 1610 bellis:
1051 1541 1113 1611 sed
1132 1544 1257 1615 omnia

187 1648 248 1719 illa
271 1647 399 1720 ludum
421 1645 530 1719 fuisse
553 1649 839 1738 existimaturos,
855 1651 884 1720 si
907 1673 969 1738 ea,
987 1674 1067 1748 qua
1091 1675 1192 1723 nunc
1215 1656 1255 1723 in

187 1760 289 1831 Italia
298 1774 496 1831 concurrat
506 1784 651 1848 manus,
660 1774 760 1830 extra
771 1776 904 1832 terram
916 1760 1012 1831 illam
1026 1785 1063 1833 se
1074 1760 1255 1836 effuderit.

187 1874 347 1945 Cernere
359 1895 413 1957 se,
425 1895 534 1969 quam
549 1886 701 1943 cruenta
714 1885 750 1944 et
762 1873 991 1970 sanguinaria
1003 1874 1099 1945 inter
1110 1899 1148 1946 se
1161 1873 1255 1948 bella
1269 1904 1284 1957 3

185 1986 335 2082 utrique
347 1983 474 2084 populi
487 1983 626 2056 viribus
636 1985 840 2083 copiarum,
853 1997 890 2055 et
903 1981 1037 2056 ducum
1048 1984 1186 2057 artibus
1199 2013 1257 2086 ge-

186 2103 286 2167 rant:
295 2119 376 2193 quae
385 2093 503 2166 rabies
515 2093 615 2166 finiri
626 2094 705 2167 solo
716 2097 829 2192 partis
842 2094 987 2168 alterius
998 2095 1165 2185 interitu,
1177 2101 1256 2172 sine

185 2207 295 2276 ruina
322 2203 582 2290 finitimorum,
605 2228 684 2274 non
709 2207 832 2300 possit.
853 2208 961 2274 Feros
984 2204 1093 2300 igitur
1114 2207 1284 2282 animosa

185 2316 370 2386 victorum
386 2315 510 2385 minus
528 2313 678 2411 quidem
698 2313 940 2402 Macedonia,
959 2335 1070 2409 quam
1091 2317 1257 2404 Graeciae,

185 2423 389 2512 timendos,
408 2424 494 2520 quia
514 2438 551 2495 et
572 2423 765 2511 remotior,
785 2436 820 2493 et
843 2425 882 2491 in
903 2421 1098 2494 vindictam
1121 2428 1175 2496 sui
1196 2451 1256 2498 ro-

185 2532 330 2607 bustior
351 2536 398 2605 sit
421 2561 429 2605 :
451 2535 543 2606 scire
568 2549 692 2604 tamen
716 2555 774 2621 se,
797 2557 878 2621 eos,
901 2534 964 2630 qui
987 2535 1096 2603 tantis
1118 2535 1284 2609 viribuss

188 2660 433 2735 concurrant,
455 2669 534 2717 non
559 2657 755 2716 contentos
778 2642 850 2716 hoc
875 2641 950 2715 line
974 2645 1132 2716 victoriae
1157 2643 1255 2738 fore3

185 2875 394 2928 mum-Dm
398 2873 579 2946 ammingus
583 2869 703 2945 prdidi
778 2869 856 2922 Illi.
865 2867 1012 2920 Videre-58...
1019 2881 1199 2939 commem
1203 2883 1255 2926 ele.

186 2964 298 3006 eventus
312 2955 414 3024 optime
428 2951 510 3005 fidem
527 2953 599 3005 lecit.
619 2951 702 3015 Nem,
742 2949 806 3001 Non
817 2947 922 3000 fatidica
932 2948 1255 3019 maginontionecumm

185 3043 217 3082 ut
230 3029 265 3081 ait
278 3029 703 3102 Montesquieu,Graadeurethca·
743 3027 837 3100 sibylla
857 3025 928 3098 apud
948 3027 1093 3097 Virgilium
1114 3029 1174 3084 AEn.
1196 3030 1255 3098 vl,

186 3106 439 3170 leucadesllomaim,
452 3107 490 3159 cit.
503 3109 703 3179 Vrchorsqu'on
742 3123 813 3159 vers.
828 3108 875 3172 86,
889 3105 945 3159 hoo
958 3105 1043 3158 canit:

185 3189 240 3237 volt
252 3185 317 3237 deux
328 3185 422 3254 pund!
431 3184 531 3256 βψω
541 3203 567 3236 50
574 3185 642 3249 faire
653 3203 700 3235 m
945 3201 1162 3254 bellmltonidnlrellc,

183 3284 271 3334 guerre
286 3266 374 3334 longae
390 3275 416 3315 et
425 3267 556 3335 opiardtre,
571 3265 633 3313 c'est
642 3281 699 3316 sou·
739 3267 767 3306 Ε*
776 3267 850 3310 risen
859 3268 921 3308 ΝΜ
927 3277 1049 3320 nmmum
1055 3271 1144 3320 ΨΜ
1151 3283 1214 3310 m.
1223 3284 1255 3312 ¹²·

185 3355 240 3396 rent
251 3361 298 3394 une
312 3344 431 3395 meamne
440 3342 558 3413 polirique
571 3340 602 3392 de
612 3360 702 3413 pemer-
778 3365 802 3398 a.
816 3351 972 3401 Persarum...
987 3345 1063 3399 bellis.
1082 3349 1170 3412 Darii,
1184 3351 1253 3402 Xer·

185 3423 260 3494 qu’on
274 3433 337 3493 peut
351 3422 474 3472 dememr
486 3431 620 3491 spectamur
630 3430 700 3471 mn·
740 3425 794 3490 xis,
808 3427 971 3490 Artaxerxis,
990 3425 1024 3479 de
1040 3426 1135 3497 quibus
1146 3430 1254 3482 consulo

184 3501 276 3572 quille:
287 3519 331 3552 cur
343 3501 406 3551 celui
416 3499 459 3550 des
472 3498 537 3550 deux
544 3499 643 3570 mles
660 3503 702 3571 qui
740 3501 798 3556 ind.
810 3533 844 3543 -
863 3504 995 3555 Gallorum
1014 3502 1124 3570 XXIV,
1146 3511 1162 3568 4
1179 3525 1252 3579 seqq.

184 3580 255 3629 escle
270 3582 419 3652 φαὶψιιω,
438 3577 582 3649 ennepmd
596 3577 703 3628 d'abord
740 3580 950 3634 -Macedonum
960 3583 983 3633 A
993 3581 1110 3652 Philippi
1118 3582 1180 3636 inde
1190 3597 1254 3637 tem·

185 3656 217 3708 de
227 3659 346 3710 nouvelles
356 3676 455 3727 guerras
461 3677 471 3719 ,·
484 3667 509 3707 et
518 3675 565 3708 une
574 3661 658 3708 notior
669 3656 701 3707 de
739 3661 851 3733 poribus
861 3661 908 3711 lib.
922 3658 1006 3710 Vlll.
1017 3689 1052 3699 —
1061 3661 1162 3714 ludum.
1172 3669 1250 3729 hara,

184 3735 458 3788 soldatsmombattre
465 3735 701 3808 contndesperqales
739 3737 814 3810 quod
830 3749 869 3791 est
886 3737 915 3790 in
932 3735 975 3789 ed.
990 3737 1116 3808 Bongars.
1135 3753 1162 3792 et
1175 3741 1253 3796 MSS.

185 3818 228 3885 qui
241 3833 272 3865 ne
291 3824 348 3866 sont
364 3822 412 3887 que
428 3817 542 3886 citoyens.
563 3817 703 3886 Ceeipamt
740 3815 842 3879 modii,
853 3827 891 3868 est
903 3815 974 3868 illius
985 3817 1079 3887 glossa.
1091 3849 1124 3858 -
1137 3823 1167 3870 In
1179 3821 1253 3873 Italia

185 3892 238 3944 bien
249 3893 388 3944 ahionem
396 3893 459 3945 dans
469 3911 508 3944 ces
520 3894 630 3965 temps-lai
639 3913 649 3945 .·
658 3914 701 3946 car
739 3905 875 3947 concur-rut.
885 3896 1005 3948 Gronov.
1017 3913 1081 3950 avus
1090 3901 1190 3952 mavult
1201 3907 1253 3954 Ita-

185 3971 219 4020 Ies
233 3975 346 4022 Romaim
357 3973 463 4022 eurentael
469 3975 540 4043 peine
557 3972 655 4044 dompte'
665 3973 700 4025 les
740 3975 798 4026 Ιίαηι
810 3977 937 4027 concutiat.

187 4051 373 4119 Carthaginis,
399 4051 471 4122 qu'ils
496 4055 647 4124 «nequirent
669 4050 700 4102 de
777 4059 801 4117 4.
814 4056 941 4105 Remotior.
957 4051 1038 4119 Quod
1051 4071 1133 4125 quum
1145 4057 1185 4110 rei
1200 4058 1251 4132 ipsi

187 4143 312 4178 nouveaux
314 4129 423 4200 periples,
431 4139 577 4200 etpamrent
578 4149 629 4201 par
635 4141 700 4183 toute
738 4143 884 4202 repugnet,
895 4131 979 4185 Faber
989 4133 1114 4206 corrigit,
1124 4141 1249 4210 promtior,

185 4204 211 4260 l·
224 4215 298 4270 tem,
307 4225 375 4278 pour
386 4218 439 4258 tout
449 4209 552 4261 mnan.
568 4227 615 4266 ru.
738 4209 769 4282 id
779 4223 832 4282 est,
841 4210 943 4266 fortior.
1115 4255 1119 4260 .
