2967 4684
381 348 755 419 ntsronunun
780 351 937 421 rinna
962 353 1034 422 111.
1167 353 1234 449 139

66 460 73 479 ⁸
180 471 300 571 gravia
313 472 492 543 servitutis
506 471 673 560 verbera,
686 471 899 571 plerumque
916 488 952 545 et
963 473 1121 563 vincula,
1138 492 1237 547 caete·

182 608 295 680 reque
315 582 527 679 captivitatis
544 583 647 654 mala·
659 584 817 681 perpessi
834 598 973 672 essent,
989 600 1071 683 post
1091 586 1235 684 longam

184 716 375 793 pernarum
406 695 634 790 patientiam,
665 693 800 765 bellum
832 710 1042 768 restaurant.
1073 696 1265 769 Lacedae-3

184 806 300 877 monii
317 828 463 901 quoque
482 828 527 875 eo
548 806 788 902 conspiratius
804 805 857 875 ad·
872 828 969 877 arma
992 822 1239 895 concurrunt,

186 914 288 1013 quod
307 914 476 986 adversus
497 938 618 987 servos
640 914 844 985 dimicaturi
868 915 1094 988 videbantur.
1114 924 1269 1013 ltaquet

188 1050 303 1123 quum
322 1024 409 1097 binc
429 1026 577 1122 injuria,
593 1026 680 1097 inde
699 1025 894 1122 indignitas
915 1028 1054 1098 animos
1076 1042 1241 1113 acueret,

189 1137 468 1218 Lacedaemonii,
487 1136 533 1209 de
556 1136 640 1207 belli
662 1150 795 1209 eventu
816 1136 962 1208 oraculo
981 1136 1132 1235 Delphis
1154 1160 1243 1207 con·

190 1246 301 1325 sulto,
312 1246 487 1341 jubentur
501 1247 631 1317 ducem
647 1246 731 1318 belli
751 1247 797 1317 ab
816 1246 1094 1320 Atheniensibus
1110 1264 1242 1347 petere.

192 1362 305 1429 Porro
328 1356 578 1445 Athenienses,
596 1382 707 1456 quim]
733 1382 947 1456 responsum
972 1361 1274 1455 cognovissent‚t

192 1471 232 1539 in
255 1482 476 1540 contemtum
497 1473 755 1566 Spartanorum
776 1472 955 1565 Tyrtaeum
980 1482 1121 1566 poetam
1145 1468 1248 1539 clau·

192 1578 284 1649 dum
301 1577 391 1675 pede
411 1582 560 1672 misere:
575 1582 638 1677 qui
656 1579 774 1650 tribus
791 1580 919 1677 preliis
936 1577 1056 1667 fusus,
1072 1603 1116 1650 eo
1132 1600 1277 1675 usqueo

195 1689 454 1787 desperationis
475 1696 668 1788 Spartanos
692 1690 858 1778 adduxit,
879 1704 939 1779 ut,
957 1688 1004 1761 ad
1024 1689 1251 1789 supplemen-

195 1815 275 1871 tum
300 1802 494 1887 exercitus,
518 1824 637 1873 servos
662 1826 748 1873 suos
776 1804 1095 1888 manumitterent‚
1122 1800 1251 1897 hisque

198 1907 467 1981 interfectorum
484 1913 721 1985 matrimonia.
732 1912 991 2011 pollicerentur
1008 1927 1165 1984 :utnon
1183 1935 1280 1989 nu·7

198 2043 302 2091 mero
317 2035 455 2093 tantum
469 2025 681 2095 amissorum
697 2024 846 2109 civium,
858 2021 921 2093 sed
939 2037 975 2093 et
993 2023 1157 2120 dignitati
1175 2045 1254 2092 suc-

199 2130 379 2202 cederent
391 2132 459 2203 Sed
471 2156 572 2229 reges
584 2132 955 2219 Lacedaemoniorum,
970 2158 1033 2221 ne,
1045 2148 1173 2205 contra
1183 2130 1282 2201 lor-t

201 2256 329 2312 tunam
348 2243 559 2339 pugnando,
576 2245 712 2340 majora
733 2242 949 2314 detrimenta
966 2245 1099 2314 civitati
1116 2240 1255 2337 inflige·

204 2350 487 2436 rent‚reducere
505 2356 702 2426 exercitum
720 2354 931 2436 voluerunt;
949 2354 991 2422 ni
1006 2352 1285 2428 intervenisseto

206 2464 380 2557 Tymnos,
398 2467 461 2561 qui
482 2466 681 2564 composita
703 2465 865 2535 cannino
887 2462 1059 2533 exercitui
1079 2486 1146 2560 pro
1169 2484 1258 2533 oon·

208 2574 313 2643 cione
330 2574 503 2669 recitavit,
519 2579 558 2647 in
581 2574 715 2674 quibus
734 2574 964 2659 hortamenta
983 2575 1140 2663 virtutis,
1160 2571 1259 2643 darn-
1289 2568 1296 2575 “

211 2732 244 2785 sd
257 2730 367 2787 Diodoti
377 2734 462 2800 vlu,
472 2738 564 2809 [πμ.
579 2738 604 2791 3.
619 2738 713 2791 Pausa·
753 2749 813 2788 ante
825 2754 903 2808 quarn
914 2736 1034 2811 Tyrtaeus
1050 2732 1203 2798 adveniret,
1218 2733 1260 2787 lu·

209 2812 361 2866 niumm
371 2810 421 2876 W,
431 2820 459 2879 d,
469 2816 499 2880 3,
509 2835 564 2869 non
574 2816 624 2869 nisi
633 2834 712 2868 unam
755 2816 805 2886 gati
817 2826 903 2881 erant,
920 2827 950 2867 ut
959 2816 1017 2867 vult
1027 2813 1178 2867 Gronovius
1188 2830 1260 2865 arus.

210 2904 311 2943 etatem
324 2906 457 2959 summat,
471 2906 498 2947 et
509 2893 618 2966 quidem
629 2895 713 2967 magis
753 2894 833 2959 Quod
842 2896 864 2947 si
873 2896 1023 2959 esteurille
1032 2894 1084 2947 diei
1092 2904 1180 2964 potest
1186 2893 1265 2963 Spar·

212 2967 317 3022 definite
331 2968 381 3035 lV,
398 2973 442 3037 15,
459 2990 488 3038 r,
502 2992 571 3026 anno
583 2987 643 3045 post
655 2975 712 3046 pri-
754 2985 829 3025 unos
840 2972 872 3025 ad
884 2972 1093 3045 desperationem
1106 2969 1264 3023 adduxisse?

211 3064 283 3099 mum
298 3047 431 3118 nigesimo
443 3069 533 3115 nono,
546 3052 646 3124 olymp.
665 3052 714 3117 si,
791 3053 815 3104 8.
830 3050 953 3121 Ιηβιζοκ.
965 3050 1079 3121 Iafligere
1092 3047 1264 3112 detrimenta,

213 3128 271 3191 l‚i.
285 3130 367 3190 ΜΔ.
381 3128 415 3180 U.
431 3132 562 3195 tiu-t
577 3131 611 3182 tJ.
627 3130 669 3183 31.
756 3142 786 3181 ut
807 3130 924 3182 vulnere.
948 3130 1051 3182 Fortius
1074 3128 1156 3199 igitur
1180 3124 1263 3188 illud,

248 3205 272 3258 3.
289 3209 455 3277 Compr'mtr'us.
469 3206 539 3260 Edit.
554 3206 629 3272 sid,
641 3210 715 3261 lunt.
757 3226 835 3279 qnam
850 3206 922 3280 quod
935 3208 1058 3261 Vorstius
1072 3206 1179 3277 conjicit
1191 3204 1263 3256 Gre-

213 3286 390 3355 conspiratio
404 3284 569 3339 Roxbornins
582 3286 647 3359 legit
658 3306 716 3337 eon·
757 3288 802 3341 tio
813 3288 952 3358 probatum
966 3288 1097 3357 rujmrgere.

214 3365 321 3425 citatim
343 3363 456 3416 Sebisius
479 3363 646 3435 confirmatius.
672 3366 718 3418 Nil
793 3382 818 3433 9.
839 3370 869 3416 In
888 3364 972 3439 quibus
993 3364 1139 3414 lwrtsmenta
1153 3360 1265 3422 obtectis,

214 3442 290 3493 nobis
304 3440 459 3495 mutandum
471 3440 585 3496 videtur.
600 3474 635 3484 -
649 3442 721 3511 Quod
759 3443 1004 3506 damnoromsolatia,
1014 3454 1064 3491 etc.
1074 3440 1105 3490 ln
1116 3437 1211 3509 quibus
1221 3438 1268 3489 mi·

215 3519 333 3572 admo.
346 3520 419 3586 Quod
429 3538 479 3592 pro
489 3540 537 3593 quo
547 3520 612 3592 legit
624 3520 719 3575 Acids·
759 3524 818 3576 lites
834 3522 985 3573 hortabatur
1000 3517 1033 3569 ad
1050 3516 1189 3578 virtutem,
1206 3533 1269 3567 con-

215 3596 282 3662 tius,
296 3602 443 3669 conjectura
456 3618 535 3671 quam
544 3600 649 3652 firmant
657 3600 719 3653 edd.
762 3600 891 3651 solabatur
905 3595 938 3648 de
952 3594 1053 3648 damnis
1067 3592 1191 3663 acceptis,
1204 3610 1267 3643 con·
1351 3616 1355 3646 .·

216 3675 277 3729 Ald„
290 3669 722 3748 estuneeptumuss.11›.-
762 3677 818 3731 silis
838 3672 1019 3748 suppeditabat
1034 3670 1067 3723 de
1082 3670 1152 3721 bello
1169 3670 1270 3721 sortiter

217 3759 305 3807 Servos.
346 3756 418 3829 Ergo
447 3757 570 3823 servilis,
598 3757 722 3822 humilis,
763 3752 958 3829 prudenterque
970 3747 1094 3829 gerendo.
1107 3748 1173 3800 Tres
1184 3761 1270 3799 auteur

218 3834 394 3905 ignavissimi
406 3835 534 3889 homines.
545 3836 622 3888 Cous.
636 3836 682 3902 11,·
691 3840 723 3903 5,
752 3828 842 3905 'hujus
853 3843 936 3905 poetae
949 3828 1038 3899 elegire
1051 3838 1152 3879 exstant
1160 3846 1167 3877 ε
1175 3824 1208 3877 de
1217 3844 1270 3897 quo

219 3920 244 3974 4.
256 3943 289 3952 -
301 3914 379 3966 Anno
392 3912 470 3966 Urbis
483 3918 574 3983 iio-96.
765 3912 900 3973 Horatius,
909 3910 974 3959 tlrte
986 3906 1106 3971 Poetioa,
1118 3912 1183 3969 dos:

254 3999 279 4055 l·
293 3994 384 4043 mmm
398 3992 462 4044 Μ’·
474 3994 539 4064 ΕΊΡ·
554 4012 585 4057 ²2
600 3992 625 4045 3·
794 4028 915 4081 Tyriusque
924 4016 1224 4061 mmsninssinrnrtisliells

254 4066 726 4143 6.!rnus.Gmnoriusneposcnmavo
793 4086 989 4129 astitissemus...

220 4148 320 4222 recepit
328 4166 361 4200 ex
376 4154 390 4211 4
405 4147 482 4201 codd.
490 4143 570 4216 fusos.
586 4149 643 4203 Jsm
656 4150 727 4202 enim
1177 4156 1221 4189 ιυ-
