2967 4684
355 402 731 476 HISTORIARUM
755 402 913 473 LIBER
938 404 1052 472 XIII.
1167 400 1234 497 273

178 526 356 629 cupiebat.
369 526 674 625 Itaquefingit,se
687 527 726 595 in
746 528 1015 598 matrimonium
1034 522 1142 595 filiam
1160 526 1266 621 ejuse

178 656 318 739 petere,
334 664 409 735 qtto
428 637 565 710 facilius
583 635 630 707 ab
648 662 692 708 eo
711 625 1001 735 supplementum
1018 639 1178 721 tironum
1194 662 1237 708 ex

178 750 393 823 Macedonia
410 749 601 821 obtineret.
616 750 732 839 Quem
753 747 877 819 dolum
897 750 1149 849 praesentiente
1166 754 1267 828 An·7

177 864 327 959 tipatro,
338 859 425 930 dum
437 859 526 931 duas
538 857 667 931 eodem
682 875 844 957 tempore
855 884 986 933 uxores
998 862 1142 958 quaerit,
1153 886 1238 931 neu-

179 986 272 1043 tram
294 970 463 1042 obtinuit.
482 975 568 1042 Post
586 968 663 1040 haec
685 968 821 1040 bellum
841 971 936 1040 inter
959 972 1180 1067 Antigonum
1203 983 1267 1042 ets

180 1080 387 1153 Perdiccam
419 1083 544 1153 oritur.
577 1082 759 1177 Antigono
789 1084 957 1151 Craterus
987 1095 1023 1150 et
1053 1083 1268 1177 Antipatero

180 1191 350 1289 auxilium
360 1189 527 1263 ferebant
537 1218 544 1261 :
555 1191 634 1288 qni,
643 1188 736 1260 facta
747 1212 828 1259 cum
839 1186 1121 1259 Atheniensibus
1135 1213 1239 1286 pace,

179 1300 471 1400 Polyperchonta
484 1302 629 1373 Graeciae
642 1314 679 1370 et
690 1297 911 1369 Macedoniae
920 1312 1149 1395 praeponunt.
1160 1303 1239 1368 Per·
1254 1324 1286 1360 ιο

179 1410 315 1500 diceas,
330 1413 491 1482 alienatis
508 1409 634 1499 rebus,
648 1408 843 1495 Aridaeum,
856 1422 893 1478 et
909 1406 1103 1478 Alexandri
1119 1410 1240 1505 Magni
1353 1471 1356 1497 ,

178 1520 295 1592 filium
313 1524 352 1590 in
370 1521 615 1618 Cappadocia,
631 1545 787 1615 quorum
807 1542 893 1587 cura
910 1517 961 1588 illi
979 1518 1147 1589 mandata
1165 1517 1242 1589 sue·

178 1647 254 1719 rat,
267 1632 313 1703 de
327 1652 467 1704 summa
479 1628 565 1699 belli
582 1628 621 1697 in
639 1625 830 1698 consilium
846 1624 1004 1697 adhibet.
1017 1626 1241 1716 Quibusdam
1255 1652 1286 1687 n

179 1740 345 1840 placebat
361 1739 499 1811 bellum
515 1740 553 1809 in
572 1737 823 1810 Macedoniam
843 1734 1045 1826 transferri,
1060 1738 1106 1809 ad
1124 1740 1240 1836 ipsum

178 1850 320 1924 fontem
345 1866 381 1922 et
406 1865 515 1949 caput
541 1852 665 1948 regni,
690 1848 753 1920 ubi
783 1847 967 1948 Olympias
993 1863 1104 1938 esset,
1128 1865 1243 1921 mater

179 1962 388 2051 Alexandri,
401 1988 479 2034 non
496 1959 681 2032 mediocre
700 1974 929 2030 momentum
947 1962 1120 2057 partium,
1138 1975 1174 2031 et
1193 1964 1287 2032 ci·12

178 2075 277 2144 vium
298 2073 417 2160 lavor,
434 2086 585 2169 propter
601 2068 795 2141 Alexandri
817 2067 1046 2166 Philippique
1068 2071 1241 2141 nomina:

178 2182 306 2254 sedin
333 2206 410 2252 rem
436 2183 554 2252 visum
578 2194 650 2266 est,
673 2177 720 2247 ab
747 2182 897 2275 AEgypto
926 2179 1106 2274 incipere,
1128 2204 1176 2248 ne
1203 2181 1241 2249 in
1257 2191 1289 2245 13

179 2289 433 2362 Macedoniam
450 2287 642 2387 prosectis,
658 2288 738 2357 Asia
752 2310 772 2355 a
786 2286 978 2356 Ptolemaeo
993 2303 1242 2385 occuparetur.

179 2400 352 2485 Eumeni,
369 2412 498 2497 praeter
518 2398 741 2497 provincias,
763 2419 851 2492 quas
871 2411 1077 2493 acceperat,
1093 2398 1243 2498 Paphla·
1257 2415 1290 2471 rt

177 2508 309 2607 gonia,
327 2522 364 2580 et
378 2508 500 2597 Caria,
517 2522 554 2581 et
571 2507 700 2605 Lycia,
714 2520 751 2578 et
769 2504 924 2603 Phrygia
942 2505 1169 2602 adjiciuntur.
1186 2509 1243 2581 Ibi
1258 2521 1289 2573 15

1024 2646 1031 2675 Ι

215 2696 241 2745 6.
251 2693 345 2745 rann.
357 2692 462 2747 Scilicet
473 2691 692 2761 Nicamffliud.
732 2693 905 2765 posthumum
932 2707 1040 2763 natum,
1067 2684 1244 2753 Alexahdmm

179 2768 296 2836 XVIII,
311 2771 353 2824 2³.
734 2774 833 2843 AEgnm
846 2772 917 2837 ΧΠ,
935 2775 981 2840 ι5,
995 2794 1012 2844 9
1027 2788 1075 2828 not
1089 2815 1098 2841 ,
1112 2791 1138 2829 et
1155 2778 1244 2843 xm,

215 2850 241 2902 8.
264 2855 325 2900 Post
344 2850 404 2903 Aac.
427 2850 502 2903 Hanc
524 2849 635 2904 eandem
657 2849 692 2901 ob
734 2868 766 2915 a,
785 2851 810 2903 ⁵.
830 2881 864 2890 -
885 2858 989 2919 Quarum
1005 2854 1098 2918 fuerat.
1121 2856 1245 2920 Quorum

180 2927 388 2998 samumquod
396 2928 691 3001 Antigonus,Antipatri
732 2930 859 3001 (regum)
872 2943 948 2985 tutor
967 2932 1052 2985 fuerat
1070 2936 1244 3002 constitutus,

180 3004 294 3069 amicus,
311 3002 442 3056 Perdiccas
459 3006 567 3058 consilia
583 3006 692 3058 trandu-
732 3026 788 3080 cap.
807 3028 836 3073 a,
853 3008 894 3061 13.

181 3083 252 3135 lenta
260 3083 436 3153 perspiceret,
449 3084 495 3153 qni
507 3084 592 3154 regias
604 3084 693 3155 oopiaa
771 3086 811 3138 13.
833 3086 872 3137 Ab
890 3092 1004 3159 AEgypta.
1023 3090 1090 3142 Nam
1111 3102 1137 3144 et
1154 3092 1243 3144 Ptole·

181 3162 252 3231 (cap.
266 3165 296 3224 4,
306 3161 338 3228 5)
348 3178 494 3231 regamque
506 3162 612 3213 tutelam
624 3162 694 3229 (hoc
733 3182 828 3229 mnus,
843 3165 952 3237 AEgypti
971 3168 1108 3237 praelectus
1121 3170 1131 3235 (
1138 3186 1196 3240 cap.
1212 3178 1244 3234 4,

182 3236 694 3311 loco§.1o)adeptns‚snmmnmipae
737 3244 787 3311 ιο)
807 3242 922 3295 societati
944 3242 981 3295 illi
1004 3260 1158 3311 accesserat,
1180 3249 1244 3300 Per·

182 3314 640 3388 imperiumadpeteret,persuaanm
648 3316 695 3370 ha-
734 3320 827 3386 diccaa,
841 3340 855 3373 a
869 3340 922 3393 qno
939 3322 1042 3375 insidiis
1059 3324 1143 3377 fuerat
1162 3325 1244 3395 adpe-

180 3398 262 3460 bens,
280 3396 439 3465 Cleopatrae,
450 3394 592 3447 Alexandri
603 3396 694 3466 Magni
734 3400 814 3463 titas,
827 3399 960 3463 infensus,
974 3400 1053 3453 Diod.
1068 3400 1185 3467 XVIII,
1201 3404 1244 3455 25.

182 3474 292 3538 scrofis,
306 3474 389 3543 gratia
400 3485 427 3525 et
440 3474 608 3537 auctoritate,
621 3491 693 3525 stam·
771 3484 811 3539 14.
828 3482 894 3543 Quas
908 3490 1037 3547 acceperat.
1052 3478 1245 3551 Cappadociam

181 3571 252 3606 mant
262 3562 444 3623 potestatem
456 3549 647 3605 Macedonibus
658 3553 694 3605 la·
734 3565 761 3605 et
774 3553 993 3625 Paphlagoniam,
1005 3574 1063 3626 cap.
1076 3564 1105 3619 4,
1121 3561 1160 3609 ι6.
1172 3556 1244 3626 Ergo

182 3633 233 3685 cile
245 3650 274 3684 ae
286 3631 486 3702 impetraturum
500 3648 564 3683 esse.
734 3630 763 3684 h.
781 3632 801 3684 l.
818 3631 986 3701 Paphlagonia
1002 3634 1045 3685 vel
1062 3646 1101 3684 est
1119 3631 1243 3699 delenda,

217 3728 243 3779 9.
254 3706 535 3779 Antigona...ferebant.
549 3708 639 3761 Minna
649 3706 695 3759 ad·
734 3710 778 3761 vel
794 3728 855 3762 cum
875 3710 1007 3764 Glareano
1023 3712 1119 3782 corrig.
1139 3708 1244 3785 raptu-

182 3801 272 3841 cnrate
284 3799 311 3840 et
323 3788 381 3839 haec
391 3798 539 3839 namntnr.
552 3788 620 3839 Nam
634 3788 695 3840 Cra-
732 3791 841 3859 qoniam.
858 3789 925 3853 Quae
940 3801 1085 3860 sequuntur
1103 3792 1246 3861 provincias

183 3878 254 3919 teras
265 3868 319 3937 jam
333 3864 473 3935 Antipatro
487 3862 577 3917 aderat
590 3883 648 3937 cap.
664 3866 694 3930 t,
734 3868 847 3919 Eumeni
867 3865 991 3937 adjectae,
1010 3867 1162 3922 adimuntur
1181 3872 1243 3924 Caa·

186 3950 219 4005 ¹4
231 3956 304 4010 ποις
317 3960 403 4014 neque
419 3954 472 3995 tam
487 3942 622 4014 Antigono
638 3945 693 3995 An·
735 3943 847 4009 sandro,
864 3944 996 4015 Antipatri
1016 3946 1086 4011 lilio,
1106 3948 1243 4014 Nearcho,

184 4021 291 4091 tipater,
303 4039 383 4093 quarn
394 4020 534 4093 Antipatm
545 4022 695 4094 Antigonus
735 4025 871 4095 Antigono
892 4036 918 4076 et
938 4024 1025 4076 occiso
1043 4028 1097 4098 jam
1115 4028 1245 4100 Antipatri

186 4098 312 4151 auxilinm
326 4098 431 4151 ferebat.
736 4102 840 4167 amico,
858 4102 991 4167 Leonato,
1013 4102 1039 4155 in
1063 4107 1137 4177 cujus
1156 4109 1244 4160 locum

223 4194 264 4229 ιο.
276 4176 439 4229 Alexandri...
447 4174 536 4244 filiam.
552 4179 574 4230 E
589 4180 696 4232 Roxane
736 4179 874 4250 Antipater
885 4180 942 4251 ipse
956 4195 1114 4234 successerat
1125 4188 1197 4255 (cap.
1214 4186 1228 4238 5
1236 4224 1243 4249 ‚

1035 4279 1075 4353 18
