2967 4684
581 342 646 409 nn
667 342 901 411 insarno.
964 294 968 300 ’
1229 350 1272 433 ⁴³

211 452 288 517 Cir.
303 454 393 519 v111.
411 454 438 521 A
457 454 612 522 Perdicca
628 480 731 547 quum
754 459 938 531 descivisset
959 460 1215 552 Neoptolemus,
1229 465 1273 528 ab

254 558 402 623 Eumene
413 555 533 625 deinde
546 558 711 644 devietus3
723 562 796 645 hic,
808 564 963 631 Perdicca
976 566 1101 647 occiso,
1117 590 1182 631 una
1196 588 1273 631 cum

255 660 379 725 ceteris
398 659 560 727 Perdiccae
576 664 689 729 amicis
699 664 867 747 judicatur
881 668 993 735 hostis.
1011 671 1048 735 A.
1062 670 1104 733 U.
1120 668 1197 747 432.

628 830 752 871 utun
774 830 852 874 XIV·

210 940 287 1004 Cir.
301 940 328 1004 1.
343 942 498 1009 Eumenis
512 947 547 1011 in
562 944 650 1013 bello
664 947 851 1038 adparando
862 947 1048 1039 prudentia.
1136 1036 1139 1043 Ι

209 1043 285 1106 Car.
302 1044 346 1109 11.
358 1044 471 1112 Victus
487 1049 528 1113 ab
541 1050 725 1139 Antigono,
738 1067 772 1117 et
783 1050 902 1117 deinde
917 1051 1088 1119 obsidione
1101 1051 1272 1134 liberatus,

253 1148 484 1239 Argyraspidas
498 1150 627 1217 blandis
640 1153 794 1241 precibus
808 1153 872 1219 sibi
887 1154 1051 1250 conciliat.

208 1248 285 1313 Cir.
302 1249 426 1317 tlt-tv.
440 1252 555 1319 Victus
566 1272 676 1323 autem
690 1256 811 1323 iterum
825 1255 867 1323 ab
879 1255 1013 1339 eodem,
1025 1280 1045 1341 a
1055 1257 1122 1344 suis
1134 1254 1275 1322 traditur

253 1352 382 1418 victori.
399 1358 438 1421 A.
455 1356 495 1420 U.
513 1356 589 1436 438.
1146 1443 1152 1455 .

208 1452 285 1518 Cir.
302 1455 341 1519 V.
363 1457 527 1546 Eurydice
547 1477 676 1544 autem,
696 1460 817 1526 Aridaei
837 1484 942 1545 uxor,
960 1484 1065 1550 quum
1082 1463 1117 1525 in
1138 1452 1292 1524 Cassan?

253 1553 351 1621 drum
378 1558 553 1647 imperium
578 1562 741 1629 exercitus
764 1563 1036 1653 Polyperchontis
1058 1578 1091 1629 et
1119 1562 1275 1651 Antigoni

253 1660 468 1729 transtulisset
480 1664 530 1753 (A.
543 1664 582 1728 U.
594 1664 688 1752 432),
704 1667 775 1756 ipsa
788 1689 866 1733 cum
877 1668 997 1732 marito
1009 1663 1175 1741 occiditur
1182 1664 1275 1744 jussu

254 1759 465 1851 Olympiadis.
477 1768 515 1833 A.
531 1766 571 1831 U.
590 1766 667 1857 437.

208 1862 285 1927 Cir.
302 1864 358 1929 vl.
382 1866 464 1949 Quae
483 1884 516 1935 et
529 1868 607 1959 'ipsa
627 1872 739 1961 paullo
764 1889 839 1963 post
858 1872 1056 1941 occiditura
1074 1868 1274 1951 Cassandro,

251 1964 372 2055 Pydnae
387 1970 525 2039 obsessa.
543 1974 583 2039 A.
601 1974 642 2039 U.
659 1974 735 2052 438.

640 2124 762 2167 nunu
784 2126 843 2169 Π.

208 2218 284 2283 Cir.
299 2221 326 2286 I.
341 2220 472 2289 Novum
486 2225 564 2291 inde
579 2227 705 2293 bellum
720 2246 852 2295 enatum
868 2232 1034 2319 Antigono
1052 2230 1103 2317 (A.
1117 2228 1159 2291 U.
1177 2225 1275 2315 439),

253 2337 368 2386 contra
391 2324 624 2411 Ptolemaeum,
649 2330 885 2412 Cassandrum,
906 2330 1135 2418 Lysimachum
1156 2345 1190 2393 et
1216 2330 1275 2394 Se·

252 2421 385 2488 leucum
408 2446 417 2489 :
437 2427 471 2490 in
494 2449 561 2516 quo
586 2430 743 2520 Antigoni
765 2430 853 2495 filius
877 2430 1063 2494 Demetrius
1085 2429 1231 2493 vincitur
1256 2452 1275 2493 a

252 2522 437 2591 Ptolemaeo.
454 2530 491 2593 A.
510 2530 550 2595 U.
565 2533 641 2609 (Aa.
1063 2600 1068 2612 ,

206 2626 283 2691 Cir.
304 2627 347 2692 11.
369 2628 547 2699 Cassander
570 2636 682 2701 saerire
702 2620 810 2725 pergit
826 2636 860 2699 in
878 2634 963 2723 regis
985 2632 1140 2699 familiam
1157 2632 1214 2723 (A.
1229 2628 1273 2698 U.

250 2728 347 2817 443);
363 2730 557 2801 Ptolemaeus
571 2738 716 2803 vincitur
730 2760 750 2801 a
764 2736 931 2803 Demetrio
947 2736 998 2825 (A.
1015 2734 1056 2802 U.
1071 2723 1150 2822 4453)
1160 2784 1169 2817 ,
1181 2736 1275 2825 cujus

249 2849 343 2923 pater
356 2836 540 2931 Antigonus
556 2839 706 2907 adsumto
728 2842 811 2927 regis
828 2840 962 2929 nomine
979 2838 1093 2930 (Diod.
1111 2838 1191 2937 XX,
1210 2836 1272 2931 53)

250 2936 370 3002 excitat
393 2938 435 3003 ad
459 2942 510 3005 sui
533 2943 753 3009 imitationem
779 2942 1008 3023 Ptolemaeum,
1034 2938 1274 3036 Cassandrum,

250 3038 478 3127 Lysimachum
494 3042 539 3129 (et
554 3045 729 3113 Seleucum
740 3044 817 3109 ride
833 3043 918 3109 infra
932 3066 1003 3132 cap.
1020 3042 1075 3130 ill:
1088 3041 1147 3141 qui
1161 3063 1274 3144 omnes

251 3140 362 3205 denuo
378 3159 492 3231 parant
507 3144 633 3211 bellum
650 3162 765 3212 contra
778 3145 883 3210 illum.
902 3147 938 3209 A.
954 3144 994 3209 U.
1011 3143 1086 3222 452,
1198 3214 1202 3220 ,

207 3242 283 3307 Cir.
300 3243 362 3309 111.
377 3245 560 3333 Lysimachi
573 3248 640 3313 vita
653 3249 827 3338 hucusque
840 3264 922 3314 acta.

206 3346 284 3411 Car.
300 3346 356 3412 lv.
372 3348 435 3412 Hic
450 3347 552 3437 igitur
565 3348 733 3416 Ptolemaei
749 3368 783 3417 et
799 3350 946 3434 Seleuci,
960 3352 1054 3432 cnjus
1070 3350 1136 3415 rita
1151 3349 1274 3415 hucus-

252 3472 316 3537 que
339 3466 411 3516 acta
432 3468 603 3535 narratur,
627 3454 753 3536 socius,
776 3454 902 3517 victum
921 3453 1124 3541 Antigonum
1151 3452 1274 3519 occidit

251 3553 384 3641 ejusque
406 3552 510 3619 filiurn
538 3556 740 3621 Demetrium
761 3555 854 3644 fugat
869 3576 878 3619 z
895 3576 994 3642 quem
1018 3569 1127 3617 tamen
1152 3550 1274 3621 deinde

251 3653 314 3719 eibi
338 3654 485 3745 adjungit
515 3656 672 3723 Seleucus
693 3674 809 3723 contra
833 3656 1047 3723 Ptolemaeum
1072 3673 1106 3722 et
1130 3658 1274 3747 Lysima-

252 3758 363 3825 chum.
380 3760 419 3825 A.
435 3760 475 3840 U.
494 3758 569 3841 453.
697 3752 705 3767 ⁴

623 3899 745 3943 ntnnn
767 3900 848 3943 xvt.

207 4002 284 4063 Cir.
300 4002 326 4065 1.
339 3977 518 4068 Cassaindro
532 4016 566 4068 et
578 4002 677 4087 hujus
691 4004 760 4071 filio
773 4024 808 4074 et
818 4028 1004 4073 successore
1014 4007 1170 4100 Philippo
1181 4032 1270 4073 mor-

251 4104 315 4169 tuis
331 4104 380 4195 (A.
396 4104 436 4173 U.
454 4104 553 4195 456),
568 4108 737 4198 Antipater
750 4112 803 4193 ll,
820 4110 963 4201 Philippi
978 4110 1080 4177 frater
1094 4126 1128 4176 et
1141 4133 1270 4176 succes·
