2967 4684
222 343 292 428 aaa
649 331 862 434 insuar

194 467 278 538 Sliis
297 466 447 539 Parthos
465 463 569 539 fudit.
586 464 643 537 Ad
660 479 884 563 postremum
903 477 1042 552 tamen,
1061 465 1160 562 pacis
1177 465 1286 537 simu·

222 577 360 650 latione
376 577 567 677 deceptus,
581 578 743 675 capitum
760 573 1019 672 inductusque
1038 599 1104 674 per
1121 601 1185 647 ora
1204 579 1288 648 civi-

224 693 370 776 tatium,
384 689 547 787 popnlis,
561 690 625 786 qui
638 686 881 774 desciverant,
890 688 930 756 in
944 685 1142 758 ludibrium
1156 685 1290 759 favoris

196 797 442 869 sostenditur.
458 800 590 870 Missus
606 795 740 869 deinde
758 797 797 866 in
820 797 1057 894 Hyrcaniam,
1073 796 1234 895 henigne
1255 813 1292 870 et

198 909 338 1005 7juxta.
359 908 496 982 cultum
523 909 683 1008 pristinae
714 905 870 978 fortuna
896 906 1063 980 habetur.
1088 911 1186 979 Dum
1213 907 1291 980 haec

128 1113 134 1120 ι
226 1034 404 1116 agunuir,
429 1021 575 1091 interim
601 1020 640 1090 in
666 1019 768 1115 Syria
792 1018 962 1117 Trypho,
985 1021 1048 1118 qui
1072 1043 1111 1091 sc
1134 1034 1293 1091 tutorem

228 1128 433 1219 Antiocho,
448 1132 623 1202 Demetrii
640 1131 825 1228 privigno,
844 1129 1012 1202 substitui
1034 1119 1060 1201 a¹
1076 1129 1214 1229 populo
1236 1130 1294 1200 la-

199 1238 435 1332 8boraverat,
447 1243 569 1314 necho
587 1239 743 1339 pupillo,
755 1265 909 1339 regnum
925 1241 1033 1337 Syria
1049 1237 1197 1311 invadit.
1210 1241 1293 1330 Quo

229 1349 293 1424 diu
314 1355 471 1451 potitus,
487 1350 637 1424 tandem
657 1352 885 1423 exolescente
907 1349 1028 1424 lavore
1047 1353 1205 1423 recentis
1227 1354 1296 1422 im·

228 1465 340 1564 perii,
351 1462 398 1535 ab
413 1461 596 1536 Antiocho
613 1486 728 1560 puero
742 1460 960 1550 admodum,
975 1463 1149 1533 Demetrii
1166 1459 1295 1550 fratre,

230 1575 294 1669 qui
321 1575 362 1643 in
387 1575 469 1644 Asia
495 1571 737 1658 educabatur,
763 1569 861 1643 bello
888 1573 1074 1643 vincitur:
1095 1597 1295 1669 rursusque

201 1699 383 1778 sregnum
400 1683 509 1777 Syriae
526 1683 565 1750 in
585 1680 750 1752 sobolem
773 1683 946 1752 Demetrii
963 1685 1166 1755 revertitur.
1182 1685 1296 1780 Igitur

229 1787 452 1880 Antiochus,
468 1816 627 1878 memor,
641 1790 742 1888 quod
756 1805 793 1862 et
805 1807 908 1890 pater
922 1808 1072 1892 propter
1088 1791 1296 1891 superbiam

230 1903 384 1990 invisus,
397 1918 434 1978 et
440 1901 557 1974 frater
569 1918 720 2001 propter
731 1905 920 2000 segnitiam
935 1889 1141 1975 contemtus
1155 1902 1296 1994 fuisset,

230 2035 279 2082 ne
292 2013 332 2082 in
347 2012 473 2084 eadem
489 2015 574 2084 vitia
591 2014 789 2102 incideret,
802 2030 949 2114 recepta
965 2017 1005 2085 in
1022 2017 1295 2093 matrimonium

230 2122 438 2222 Cleopatra,
454 2150 570 2197 uxore
590 2122 725 2212 fratris,
740 2126 919 2214 civitates,
938 2150 1017 2223 quae
1037 2125 1125 2194 vitio
1145 2122 1296 2196 fraterni

230 2235 372 2334 imperii
403 2234 634 2326 defecerant,
666 2261 806 2308 summa
838 2236 1015 2308 industria
1047 2239 1295 2334 persequitur,

187 2343 458 2446 10domitasque
471 2373 596 2420 rursus
610 2349 713 2446 regni
730 2350 894 2419 terminis
908 2347 1039 2442 adjicit.
1052 2351 1071 2417 J
1072 2345 1195 2418 udoeos
1208 2371 1298 2444 quo-

232 2479 319 2554 que,
337 2459 402 2554 qui
419 2458 459 2533 in
476 2459 716 2531 Macedonico
733 2460 887 2557 imperio
904 2457 973 2530 sub
991 2460 1176 2530 Demetrio
1194 2473 1297 2557 patre

187 2589 218 2626 ¹1
232 2567 340 2638 armis
353 2592 392 2640 se
405 2571 444 2638 in
458 2568 660 2641 libertatem
675 2569 965 2657 vindicaverant,
977 2567 1119 2666 subigit.
1130 2571 1299 2659 Quorum

230 2677 325 2749 vires
343 2693 452 2750 tantae
468 2677 586 2771 fuere,
602 2694 643 2751 ut
665 2695 748 2778 post
767 2679 868 2751 hunc
891 2678 1034 2750 nullum
1054 2679 1297 2751 Macedonum

230 2811 352 2885 regem
378 2790 546 2878 tulerint,
567 2790 847 2888 domesticisque
878 2790 1037 2889 imperiis
1063 2793 1139 2880 usi,
1159 2791 1297 2887 Syriam

232 2901 373 2998 magnis
388 2899 493 2973 bellis
510 2900 772 2974 infestaverint

269 3113 295 3166 5.
313 3115 420 3184 Capitur.
434 3114 585 3187 blansitqne
601 3126 694 3186 captus
712 3115 746 3167 ab
787 3113 1035 3178 -Demetriisratra
1045 3109 1226 3175 Demetriill,
1236 3112 1260 3179 §-
1272 3129 1298 3164 ι.

232 3190 477 3256 hocannobtb,ad
485 3211 584 3246 annum
592 3196 746 3265 usquebaq.
787 3190 1172 3244 -nhotemoemottsoieris
1181 3189 1299 3256 XXXV,

232 3268 299 3324 vid.
308 3281 365 3322 not.
379 3268 414 3322 ad
424 3273 448 3338 ς.
463 3291 486 3325 ι,
790 3290 823 3337 ι,
845 3270 878 3323 de
898 3273 973 3342 cujus
994 3269 1116 3340 snperbia
1136 3270 1160 3336 ς.
1184 3286 1216 3332 ¹3
1236 3267 1298 3321 coll.

268 3352 295 3402 6.
306 3349 423 3402 Habetur.
436 3349 545 3422 Quippe
554 3350 598 3403 cui
608 3349 668 3403 data
680 3362 748 3403 esset
788 3347 912 3413 XXXV,
929 3367 955 3413 v,
977 3350 1002 3402 8.
1023 3349 1063 3399 De
1083 3347 1170 3400 fratris
1189 3346 1299 3417 segnitia

233 3429 264 3482 in
274 3429 472 3482 matrimonium
482 3427 663 3501 Rhodagnne,
676 3430 748 3500 regis
788 3431 812 3496 S.
828 3447 851 3481 r.
864 3459 896 3468 —
908 3429 986 3478 Anno
996 3426 1077 3478 Urbis
1087 3429 1148 3496 617.

233 3509 303 3576 tilia,
315 3507 487 3572 XXXVIII,
496 3525 527 3575 9,
542 3507 568 3560 3.
823 3525 848 3575 9.
867 3508 939 3557 Vitio.
952 3506 975 3571 S.
990 3522 1018 3568 a,
1031 3515 1062 3556 ut
1073 3503 1131 3556 baoc
1143 3501 1221 3554 lectio
1234 3519 1299 3573 pn·

268 3605 294 3658 7.
312 3587 442 3639 Aatbclw.
456 3585 514 3650 Vl,
530 3585 602 3652 Deo,
618 3603 675 3638 non
690 3586 743 3638 De·
787 3583 895 3638 ferenda
912 3585 945 3638 sit
962 3583 1036 3637 elteri
1053 3581 1201 3635 editionum
1219 3579 1299 3652 quin·

233 3665 321 3721 metrii
328 3666 469 3736 privigno,
478 3661 746 3718 sedAlexandriBaln
786 3682 838 3736 que
851 3675 905 3716 ant.
917 3665 996 3716 mitio.

234 3739 290 3792 filio
303 3742 459 3811 (notadss.
475 3746 521 3812 1),
534 3741 651 3807 XXXV,
667 3762 698 3806 ι,
712 3744 745 3805 6,
824 3760 865 3795 ιο.
878 3741 926 3793 Sub
942 3743 1061 3794 Demetrio
1072 3751 1154 3812 patre.
1172 3738 1234 3792 Non
1250 3737 1298 3790 sub

234 3829 265 3870 ut
277 3817 377 3873 habent
389 3821 449 3874 b.l.
465 3819 520 3874 duo
532 3820 611 3874 MSS.
623 3850 656 3860 -
667 3823 746 3873 Anno
786 3819 840 3873 hoc
858 3818 966 3874 demum
982 3821 1068 3888 (anno
1085 3817 1165 3871 Urbis
1186 3813 1298 3870 condita

234 3894 316 3948 Urbis
328 3899 389 3950 on.
788 3900 930 3969 592-604),
941 3898 986 3951 sed
994 3901 1049 3970 jam
1059 3896 1109 3950 snb
1117 3894 1248 3948 Antiocho
1255 3893 1298 3944 tv

270 3974 297 4027 8.
308 3976 746 4048 numennumen-617,
787 3977 927 4049 Epiphane
944 3979 1109 4048 (578-590),
1131 3992 1202 4030 anno
1219 3973 1299 4025 Urbis

234 4049 301 4104 Vid.
311 4064 368 4105 not.
379 4053 414 4104 ad
424 4055 449 4119 ς
460 4071 483 4106 r.
494 4055 664 4108 -Aotioclo
672 4053 748 4126 Vll,
788 4059 854 4126 587,
873 4055 984 4110 Diodor.
1000 4054 1140 4120 XXXIV,
1159 4073 1184 4108 a.
1201 4051 1300 4107 Confer

235 4127 626 4204 Sideta,sive1lvergeta,not.
639 4132 707 4204 ads.
721 4153 745 4190 r.
787 4135 856 4190 infra
866 4153 923 4209 cap.
938 4135 971 4204 3,
980 4153 1007 4205 p.
