2967 4684
665 289 673 326 l

442 386 832 455 rurmrrrcanuu
855 386 1016 453 raoor.
1214 408 1254 475 7¹

198 504 277 571 inde
292 505 326 569 in
342 524 475 569 excessu
491 505 584 594 origo
606 503 805 569 Iudaeorum.
821 504 866 568 Ut
883 526 941 568 rex
957 502 1038 567 Asin
1053 500 1179 566 Attalus
1195 501 1287 567 Cae-3

198 624 362 681 nostracas
376 607 505 697 subegit
518 628 825 695 :successoremque
840 604 969 694 imperii
984 603 1129 668 Attalum
1144 602 1259 667 Philo-

198 726 324 775 metora
337 712 479 800 reliquit.
496 710 630 775 Mortuo
647 709 791 797 denique
807 709 1044 789 Philometore,
1057 705 1262 770 Aristonicus
1270 722 1289 783 4-

198 834 301 901 regno
325 813 407 877 Asiae
433 829 612 903 occupato,
630 812 757 880 bellum
784 834 861 876 cum
885 811 1039 875 Romanis
1057 809 1170 900 gessit,
1190 830 1261 896 quo

198 927 311 1001 eaptus
326 929 384 976 est.

420 1028 667 1087 PROLOGUS
686 1027 821 1085 LIBRI
841 1027 1026 1091 xxxvu.

241 1162 388 1251 Septimo
404 1178 438 1227 et
452 1161 617 1226 tricesimo
632 1160 803 1225 volumine
818 1158 1030 1224 continentur
1044 1158 1113 1223 haec
1128 1182 1136 1223 :
1152 1160 1259 1248 Repe-
1272 1176 1291 1219 r

196 1262 264 1327 titis
279 1284 395 1352 regum
411 1263 625 1327 Ponticorum
642 1263 843 1353 originibus,
855 1278 893 1327 ut
904 1261 946 1327 ad
958 1262 1112 1327 ultimum
1126 1260 1259 1327 Mithri·

87 1352 92 1364 ‘
196 1362 305 1430 datem
321 1348 487 1454 Eirpatora
505 1365 605 1431 series
626 1366 758 1454 imperii
777 1366 918 1433 deducta
939 1367 980 1431 sit
1001 1388 1009 1432 :
1031 1382 1130 1453 atque
1148 1380 1188 1429 ut
1208 1366 1288 1430 inu

196 1487 323 1554 gressus
350 1466 406 1530 ille
431 1489 570 1555 reguum
597 1468 727 1559 subegit
754 1470 897 1534 Pontum
924 1486 957 1535 et
984 1467 1260 1559 Paphlagoniam,

195 1568 386 1655 priusquam
399 1568 433 1632 in
446 1568 533 1634 bella
546 1570 692 1635 Romana
706 1569 885 1636 descendit.
898 1572 1066 1659 Dictaeque
1078 1570 1113 1633 in
1126 1584 1290 1638 excessus

195 1690 313 1759 regum
323 1672 587 1760 Bosporanorum
599 1690 632 1739 et
644 1673 845 1747 Colchorum
858 1674 1017 1765 origines,
1030 1688 1064 1738 et
1077 1694 1128 1737 res
1139 1676 1245 1761 gestae.

393 1826 658 1904 ‚rnonocus
679 1828 809 1899 amur
829 1827 1044 1887 xxxvnr.

239 1958 364 2025 Octavo
378 1977 412 2029 et
426 1964 592 2030 tricesimo
607 1964 777 2030 volumine
794 1964 1008 2029 continentur
1021 1963 1092 2027 haec
1110 1984 1118 2028 ε
1134 1960 1180 2025 Ut
1195 1959 1259 2025 Mi·
1275 1982 1288 2019 t

195 2059 353 2129 thridates
371 2066 536 2154 Eupator,
556 2067 666 2132 occiso
688 2068 877 2149 Ariarathe,
896 2064 1134 2156 Cappadociam
1160 2086 1261 2129 occu·
1386 2062 1388 2067 ’

195 2165 304 2251 pavit,
328 2166 482 2253 victoque
507 2167 690 2233 Nicomede
717 2185 750 2233 et
776 2168 957 2250 Malthino,
979 2167 1175 2255 Bithyniam.
1198 2166 1288 2245 Ut,2

196 2282 330 2330 mortuo
350 2268 526 2333 Ptolemaeo
547 2270 790 2351 Philometore,
808 2270 908 2334 frater
930 2270 999 2349 ejus
1019 2269 1187 2357 Physcon,
1203 2288 1260 2329 ao·

197 2382 295 2455 cepto
308 2390 410 2458 regno
424 2370 559 2459 AEgypti
574 2371 735 2437 seditione
751 2370 884 2459 populi,
899 2367 1019 2435 deinde
1036 2364 1162 2433 bellum
1183 2388 1260 2432 cum

195 2491 301 2535 uxore
315 2494 373 2536 sua
388 2472 576 2562 Cleopatra,
593 2489 627 2537 et
641 2494 718 2537 cum
734 2494 812 2561 rege
832 2470 931 2559 Syrioe
947 2469 1115 2534 Demetrio
1131 2468 1260 2533 hahuit.

195 2570 279 2636 Inde
291 2574 482 2662 repetitum,
494 2591 531 2639 ut
544 2575 730 2640 Demetrius
741 2587 855 2663 captus
868 2574 909 2637 sit
922 2594 941 2637 a
957 2572 1097 2654 Parthis,
1112 2586 1145 2636 et
1161 2570 1261 2635 frater
1273 2590 1290 2647 3

196 2672 284 2757 ejus,
299 2675 387 2740 victo
410 2677 444 2739 in
465 2677 557 2766 Syria
578 2676 776 2767 Tryphone,
796 2675 921 2742 bellum
942 2675 1070 2741 Parthis
1092 2673 1261 2755 intulerit,

196 2775 345 2863 quicum
362 2779 508 2844 exercitu
524 2803 584 2845 suo
601 2779 731 2845 deletus
744 2794 805 2845 est.

429 2922 684 2982 PROLOGUS
702 2923 833 2979 LIBRI
854 2923 1028 2980 xxxlx.

241 3046 343 3111 Nono
358 3065 394 3113 et
415 3052 581 3117 tricesimo
597 3054 767 3119 volumine
789 3054 1001 3121 continentur
1016 3058 1085 3121 haec
1102 3078 1110 3120 :
1127 3056 1190 3139 Ut,
1205 3079 1261 3121 ex·
1278 3092 1290 3126 r

197 3147 320 3213 stinoto
338 3173 358 3212 a
377 3150 507 3217 Parthis
526 3156 691 3220 Antiocho
714 3156 846 3239 Sidete,
865 3157 966 3225 frater
988 3160 1057 3241 ejus
1077 3160 1262 3225 Demetrius

219 3308 260 3401 ⁸3.
286 3313 451 3367 Gemmas.
473 3314 578 3369 Nomen
596 3336 629 3371 ex
648 3319 712 3373 falsa
752 3321 992 3396 Gronorioreeepi
1000 3336 1264 3397 procomuptotquu

194 3386 709 3467 distinctionecertissimedepmvatum:
746 3412 834 3472 pactus
848 3414 891 3454 est.

197 3467 271 3521 unde
301 3471 373 3523 elicit
401 3472 580 3544 Iongemms
607 3480 708 3543 ceno,
787 3478 987 3537 xxxv111.2.
1000 3480 1128 3532 Seditioas.
1142 3478 1263 3533 Freinsh,

202 3548 325 3613 Tarum
348 3551 410 3603 coll.
434 3553 524 3606 strab.
546 3552 592 3606 lib.
618 3554 711 3621 XIII,
753 3558 863 3630 corrigit
874 3559 1022 3612 seditionem.
1036 3560 1097 3619 Nou
1109 3556 1180 3611 enim
1193 3556 1263 3611 sedi-

199 3624 477 3697 p0624.1s.Vossins,
490 3632 587 3703 Illyrros
598 3634 711 3687 rhum.
753 3636 826 3689 tione
843 3636 953 3708 populi,
968 3635 1015 3690 sed
1033 3636 1196 3689 successione
1213 3636 1264 3689 lra-

235 3711 261 3769 4.
273 3710 430 3760 Aristonicus.
439 3709 499 3762 Iloc
509 3728 607 3763 nomen
618 3710 710 3765 addidi
753 3724 827 3767 terna
840 3716 940 3786 aceepit
952 3732 1073 3785 regnum.
1085 3718 1119 3765 At
1128 3714 1213 3765 holuit
1222 3734 1263 3768 se-

199 3800 261 3835 eum
272 3785 417 3856 Bongarsio
428 3800 454 3839 et
465 3789 628 3860 longorum
642 3810 648 3842 τ
663 3792 710 3862 qui
751 3790 880 3846 ditionem
896 3792 1005 3865 populi,
1021 3805 1051 3845 ut
1063 3792 1159 3845 deinde
1171 3793 1263 3847 habuit

199 3862 308 3933 quidem
332 3866 464 3935 posterior
485 3886 519 3920 ex
541 3888 596 3921 uno
617 3868 710 3922 codice
750 3871 849 3925 bellurn
866 3873 964 3925 uxoris.

199 3952 326 4011 praere·
343 3955 405 4013 post
417 3949 530 3999 naonis
542 3947 635 4000 inserit
650 3968 709 4001 coa·
787 3950 812 4003 3.
832 3956 867 4003 Et
880 3952 963 4016 smter
979 3954 1058 4021 ejrcs...
1078 3951 1182 4003 Parthis.
1201 3951 1264 4003 Hac

200 4019 299 4071 salitus.
308 4020 403 4073 Eidem
413 4036 534 4093 preterea
542 4026 582 4077 illi
591 4026 710 4099 Bongar-
752 4028 832 4082 verba
849 4046 899 4100 pro
917 4029 1013 4099 quihus
1031 4031 1058 4081 in
1076 4030 1150 4101 vulg.
1168 4030 1263 4099 legitur

139 4117 142 4123 ·
201 4098 241 4151 sio
262 4098 343 4153 debes
363 4100 432 4155 hanc
450 4107 642 4160 oomectiouem
664 4128 711 4181 quo
753 4108 838 4159 solum
850 4106 1166 4180 belhrrquc,addidicum
1180 4108 1263 4161 Gron-

99 4242 112 4265 ‘
202 4190 284 4251 copem
295 4191 570 4255 est‚quamegoeam
580 4184 712 4241 Modiost
753 4184 1063 4243 erodesricaesuno
1077 4184 1163 4257 Lngd.
