<?xml version="1.0" encoding="UTF-8"?>
<!DOCTYPE html PUBLIC "-//W3C//DTD XHTML 1.0 Transitional//EN"
    "http://www.w3.org/TR/xhtml1/DTD/xhtml1-transitional.dtd">
<html xmlns="http://www.w3.org/1999/xhtml" xml:lang="en" lang="en">
 <head>
  <title>
</title>
<meta http-equiv="Content-Type" content="text/html;charset=utf-8" />
  <meta name='ocr-system' content='tesseract 3.04.00' />
  <meta name='ocr-capabilities' content='ocr_page ocr_carea ocr_par ocr_line ocrx_word'/>
</head>
<body>
  <div class='ocr_page' id='page_1' title='image "./justinihistoria00lemagoog_0165.png"; bbox 0 0 2967 4684; ppageno 0'>
   <div class='ocr_carea' id='block_1_1' title="bbox 247 329 883 419">
    <p class='ocr_par' dir='ltr' id='par_1_1' title="bbox 247 329 883 419">
     <span class='ocr_line' id='line_1_1' title="bbox 247 329 883 419; baseline 0.002 -3"><span class='ocrx_word' id='word_1_1' title='bbox 247 346 315 417; x_wconf 84' lang='lat'>130</span> <span class='ocrx_word' id='word_1_2' title='bbox 667 329 883 419; x_wconf 81' lang='lat' dir='ltr'>&#39;tusrtrtt</span> 
     </span>
    </p>
   </div>
   <div class='ocr_carea' id='block_1_2' title="bbox 163 467 1408 2343">
    <p class='ocr_par' dir='ltr' id='par_1_2' title="bbox 216 467 1305 567">
     <span class='ocr_line' id='line_1_2' title="bbox 216 467 1305 567; baseline 0.001 -25"><span class='ocrx_word' id='word_1_3' title='bbox 216 474 399 567; x_wconf 71' lang='lat' dir='ltr'>rspatium</span> <span class='ocrx_word' id='word_1_4' title='bbox 414 467 703 545; x_wconf 87' lang='lat' dir='ltr'>consummando</span> <span class='ocrx_word' id='word_1_5' title='bbox 715 472 819 566; x_wconf 88' lang='lat' dir='ltr'>op&#39;eri</span> <span class='ocrx_word' id='word_1_6' title='bbox 831 469 1031 565; x_wconf 74' lang='lat' dir='ltr'>quaerebat:</span> <span class='ocrx_word' id='word_1_7' title='bbox 1042 495 1154 567; x_wconf 87' lang='lat' dir='ltr'>quum</span> <span class='ocrx_word' id='word_1_8' title='bbox 1162 473 1305 545; x_wconf 87' lang='lat' dir='ltr'>interim</span> 
     </span>
    </p>

    <p class='ocr_par' dir='ltr' id='par_1_3' title="bbox 245 579 1307 683">
     <span class='ocr_line' id='line_1_3' title="bbox 245 579 1307 683; baseline 0.007 -34"><span class='ocrx_word' id='word_1_9' title='bbox 245 584 435 653; x_wconf 88' lang='lat' dir='ltr'>nuntiatur</span> <span class='ocrx_word' id='word_1_10' title='bbox 453 582 656 678; x_wconf 84' lang='lat' dir='ltr'>Spartanis,</span> <span class='ocrx_word' id='word_1_11' title='bbox 673 605 766 679; x_wconf 89' lang='lat' dir='ltr'>opus</span> <span class='ocrx_word' id='word_1_12' title='bbox 788 579 937 653; x_wconf 81' lang='lat' dir='ltr'>Athenis</span> <span class='ocrx_word' id='word_1_13' title='bbox 953 584 1142 670; x_wconf 80' lang='lat' dir='ltr'>maturari3</span> <span class='ocrx_word' id='word_1_14' title='bbox 1159 598 1307 683; x_wconf 89' lang='lat' dir='ltr'>propter</span> 
     </span>
    </p>

    <p class='ocr_par' dir='ltr' id='par_1_4' title="bbox 245 690 1306 789">
     <span class='ocr_line' id='line_1_4' title="bbox 245 690 1306 789; baseline -0.001 -26"><span class='ocrx_word' id='word_1_15' title='bbox 245 692 358 787; x_wconf 89' lang='lat' dir='ltr'>quod·</span> <span class='ocrx_word' id='word_1_16' title='bbox 373 691 495 763; x_wconf 90' lang='lat' dir='ltr'>denuo</span> <span class='ocrx_word' id='word_1_17' title='bbox 521 691 656 787; x_wconf 86' lang='lat' dir='ltr'>legatos</span> <span class='ocrx_word' id='word_1_18' title='bbox 683 691 835 761; x_wconf 89' lang='lat' dir='ltr'>mittunt</span> <span class='ocrx_word' id='word_1_19' title='bbox 862 690 908 761; x_wconf 87' lang='lat' dir='ltr'>ad</span> <span class='ocrx_word' id='word_1_20' title='bbox 934 692 1197 789; x_wconf 85' lang='lat' dir='ltr'>inspiciendam</span> <span class='ocrx_word' id='word_1_21' title='bbox 1220 716 1306 764; x_wconf 88' lang='lat' dir='ltr'>rem.</span> 
     </span>
    </p>

    <p class='ocr_par' dir='ltr' id='par_1_5' title="bbox 216 800 1309 899">
     <span class='ocr_line' id='line_1_5' title="bbox 216 800 1309 899; baseline 0.002 -27"><span class='ocrx_word' id='word_1_22' title='bbox 216 809 334 873; x_wconf 82' lang='lat' dir='ltr'>aTum</span> <span class='ocrx_word' id='word_1_23' title='bbox 356 801 614 875; x_wconf 82' lang='lat' dir='ltr'>Themistocles</span> <span class='ocrx_word' id='word_1_24' title='bbox 636 825 702 898; x_wconf 91' lang='lat' dir='ltr'>per</span> <span class='ocrx_word' id='word_1_25' title='bbox 725 824 869 872; x_wconf 87' lang='lat' dir='ltr'>servum</span> <span class='ocrx_word' id='word_1_26' title='bbox 892 800 1160 899; x_wconf 87' lang='lat' dir='ltr'>magistratibus</span> <span class='ocrx_word' id='word_1_27' title='bbox 1184 802 1309 874; x_wconf 87' lang='lat' dir='ltr'>scribit</span> 
     </span>
    </p>

    <p class='ocr_par' dir='ltr' id='par_1_6' title="bbox 246 912 1309 1011">
     <span class='ocr_line' id='line_1_6' title="bbox 246 912 1309 1011; baseline -0.003 -26"><span class='ocrx_word' id='word_1_28' title='bbox 246 914 537 999; x_wconf 69' lang='lat' dir='ltr'>Atheniensium,</span> <span class='ocrx_word' id='word_1_29' title='bbox 548 942 565 978; x_wconf 90' lang='lat'>«</span> <span class='ocrx_word' id='word_1_30' title='bbox 575 916 727 1009; x_wconf 76' lang='lat' dir='ltr'><strong>Legatos</strong></span> <span class='ocrx_word' id='word_1_31' title='bbox 736 912 900 983; x_wconf 82' lang='lat' dir='ltr'>vinciant</span> <span class='ocrx_word' id='word_1_32' title='bbox 909 966 919 999; x_wconf 93' lang='lat'>,</span> <span class='ocrx_word' id='word_1_33' title='bbox 929 914 1133 1011; x_wconf 82' lang='lat' dir='ltr'>pignusque</span> <span class='ocrx_word' id='word_1_34' title='bbox 1146 926 1309 1000; x_wconf 81' lang='lat' dir='ltr'>teneant,</span> 
     </span>
    </p>

    <p class='ocr_par' dir='ltr' id='par_1_7' title="bbox 215 1022 1310 1121">
     <span class='ocr_line' id='line_1_7' title="bbox 215 1022 1310 1121; baseline 0.001 -28"><span class='ocrx_word' id='word_1_35' title='bbox 215 1050 292 1105; x_wconf 79' lang='lat' dir='ltr'>9ne</span> <span class='ocrx_word' id='word_1_36' title='bbox 308 1027 346 1095; x_wconf 90' lang='lat' dir='ltr'>in</span> <span class='ocrx_word' id='word_1_37' title='bbox 362 1050 401 1097; x_wconf 91' lang='lat' dir='ltr'>se</span> <span class='ocrx_word' id='word_1_38' title='bbox 416 1025 558 1121; x_wconf 78' lang='lat' dir='ltr'>gravius</span> <span class='ocrx_word' id='word_1_39' title='bbox 574 1022 823 1095; x_wconf 76' lang='lat' dir='ltr'>consulatur.»</span> <span class='ocrx_word' id='word_1_40' title='bbox 837 1022 932 1095; x_wconf 86' lang='lat' dir='ltr'>Adiit</span> <span class='ocrx_word' id='word_1_41' title='bbox 944 1023 1076 1095; x_wconf 90' lang='lat' dir='ltr'>deinde</span> <span class='ocrx_word' id='word_1_42' title='bbox 1091 1026 1310 1096; x_wconf 81' lang='lat' dir='ltr'>concionem</span> 
     </span>
    </p>

    <p class='ocr_par' dir='ltr' id='par_1_8' title="bbox 244 1132 1310 1222">
     <span class='ocr_line' id='line_1_8' title="bbox 244 1132 1310 1222; baseline 0.003 -19"><span class='ocrx_word' id='word_1_43' title='bbox 244 1134 635 1205; x_wconf 87' lang='lat' dir='ltr'>Lacedaemoniorum:</span> <span class='ocrx_word' id='word_1_44' title='bbox 662 1132 822 1222; x_wconf 86' lang='lat' dir='ltr'>indicat,</span> <span class='ocrx_word' id='word_1_45' title='bbox 850 1164 867 1200; x_wconf 79' lang='lat' dir='ltr'>r</span> <span class='ocrx_word' id='word_1_46' title='bbox 893 1136 1118 1205; x_wconf 83' lang='lat' dir='ltr'>Permunitas</span> <span class='ocrx_word' id='word_1_47' title='bbox 1151 1134 1310 1207; x_wconf 81' lang='lat' dir='ltr'>Athenas</span> 
     </span>
    </p>

    <p class='ocr_par' dir='ltr' id='par_1_9' title="bbox 163 1240 1310 1343">
     <span class='ocr_line' id='line_1_9' title="bbox 163 1240 1310 1343; baseline 0.001 -29"><span class='ocrx_word' id='word_1_48' title='bbox 163 1255 166 1264; x_wconf 86' lang='grc'><strong>“</strong></span> <span class='ocrx_word' id='word_1_49' title='bbox 196 1240 199 1245; x_wconf 62' lang='grc'><strong>’</strong></span> <span class='ocrx_word' id='word_1_50' title='bbox 244 1270 339 1332; x_wconf 89' lang='lat' dir='ltr'>esse,</span> <span class='ocrx_word' id='word_1_51' title='bbox 352 1260 388 1315; x_wconf 91' lang='lat' dir='ltr'>et</span> <span class='ocrx_word' id='word_1_52' title='bbox 409 1268 515 1343; x_wconf 87' lang='lat' dir='ltr'>posse</span> <span class='ocrx_word' id='word_1_53' title='bbox 534 1246 609 1339; x_wconf 83' lang='lat' dir='ltr'>jam</span> <span class='ocrx_word' id='word_1_54' title='bbox 628 1244 764 1315; x_wconf 80' lang='lat' dir='ltr'>illatum</span> <span class='ocrx_word' id='word_1_55' title='bbox 780 1243 916 1316; x_wconf 93' lang='lat' dir='ltr'>bellum</span> <span class='ocrx_word' id='word_1_56' title='bbox 933 1272 1010 1317; x_wconf 92' lang='lat' dir='ltr'>non</span> <span class='ocrx_word' id='word_1_57' title='bbox 1027 1248 1134 1317; x_wconf 88' lang='lat' dir='ltr'>armis</span> <span class='ocrx_word' id='word_1_58' title='bbox 1150 1260 1310 1335; x_wconf 89' lang='lat' dir='ltr'>tantum,</span> 
     </span>
    </p>

    <p class='ocr_par' dir='ltr' id='par_1_10' title="bbox 199 1353 1311 1454">
     <span class='ocr_line' id='line_1_10' title="bbox 199 1353 1311 1454; baseline 0.008 -34"><span class='ocrx_word' id='word_1_59' title='bbox 199 1388 231 1420; x_wconf 75' lang='grc' dir='ltr'>ιο</span> <span class='ocrx_word' id='word_1_60' title='bbox 243 1353 307 1425; x_wconf 88' lang='lat' dir='ltr'>sed</span> <span class='ocrx_word' id='word_1_61' title='bbox 322 1356 429 1426; x_wconf 86' lang='lat' dir='ltr'>etiam</span> <span class='ocrx_word' id='word_1_62' title='bbox 442 1358 555 1425; x_wconf 86' lang='lat' dir='ltr'>muris</span> <span class='ocrx_word' id='word_1_63' title='bbox 571 1356 749 1426; x_wconf 88' lang='lat' dir='ltr'>sustinere</span> <span class='ocrx_word' id='word_1_64' title='bbox 766 1384 773 1424; x_wconf 93' lang='lat'>:</span> <span class='ocrx_word' id='word_1_65' title='bbox 789 1357 819 1427; x_wconf 92' lang='lat' dir='ltr'>si</span> <span class='ocrx_word' id='word_1_66' title='bbox 841 1356 929 1454; x_wconf 92' lang='lat' dir='ltr'>quid</span> <span class='ocrx_word' id='word_1_67' title='bbox 947 1356 996 1429; x_wconf 93' lang='lat' dir='ltr'>ob</span> <span class='ocrx_word' id='word_1_68' title='bbox 1018 1382 1096 1428; x_wconf 87' lang='lat' dir='ltr'>eam</span> <span class='ocrx_word' id='word_1_69' title='bbox 1114 1380 1192 1428; x_wconf 89' lang='lat' dir='ltr'>rem</span> <span class='ocrx_word' id='word_1_70' title='bbox 1211 1355 1257 1428; x_wconf 92' lang='lat' dir='ltr'>de</span> <span class='ocrx_word' id='word_1_71' title='bbox 1272 1384 1311 1429; x_wconf 87' lang='lat' dir='ltr'>se</span> 
     </span>
    </p>

    <p class='ocr_par' dir='ltr' id='par_1_11' title="bbox 245 1466 1311 1566">
     <span class='ocr_line' id='line_1_11' title="bbox 245 1466 1311 1566; baseline 0.003 -30"><span class='ocrx_word' id='word_1_72' title='bbox 245 1466 427 1539; x_wconf 84' lang='lat' dir='ltr'>crudelius</span> <span class='ocrx_word' id='word_1_73' title='bbox 457 1481 673 1555; x_wconf 73' lang='lat' dir='ltr'>sumerent,</span> <span class='ocrx_word' id='word_1_74' title='bbox 698 1466 834 1564; x_wconf 86' lang='lat' dir='ltr'>legatos</span> <span class='ocrx_word' id='word_1_75' title='bbox 859 1492 987 1539; x_wconf 91' lang='lat' dir='ltr'>eorum</span> <span class='ocrx_word' id='word_1_76' title='bbox 1013 1470 1052 1539; x_wconf 90' lang='lat' dir='ltr'>in</span> <span class='ocrx_word' id='word_1_77' title='bbox 1080 1467 1151 1539; x_wconf 90' lang='lat' dir='ltr'>hoc</span> <span class='ocrx_word' id='word_1_78' title='bbox 1179 1470 1311 1566; x_wconf 86' lang='lat' dir='ltr'>pignus</span> 
     </span>
    </p>

    <p class='ocr_par' dir='ltr' id='par_1_12' title="bbox 167 1567 1312 1677">
     <span class='ocr_line' id='line_1_12' title="bbox 167 1567 1312 1677; baseline 0 -28"><span class='ocrx_word' id='word_1_79' title='bbox 167 1567 170 1574; x_wconf 39' lang='lat'><strong>¹</strong></span> <span class='ocrx_word' id='word_1_80' title='bbox 199 1608 227 1641; x_wconf 81' lang='lat' dir='ltr'>n</span> <span class='ocrx_word' id='word_1_81' title='bbox 246 1577 396 1650; x_wconf 92' lang='lat' dir='ltr'>Athenis</span> <span class='ocrx_word' id='word_1_82' title='bbox 407 1580 778 1649; x_wconf 79' lang='lat' dir='ltr'>retentos.»Gravitcr</span> <span class='ocrx_word' id='word_1_83' title='bbox 788 1578 920 1650; x_wconf 91' lang='lat' dir='ltr'>deinde</span> <span class='ocrx_word' id='word_1_84' title='bbox 930 1581 1078 1677; x_wconf 86' lang='lat' dir='ltr'>castigat</span> <span class='ocrx_word' id='word_1_85' title='bbox 1088 1578 1312 1668; x_wconf 86' lang='lat' dir='ltr'>eos,«Qnod</span> 
     </span>
    </p>

    <p class='ocr_par' dir='ltr' id='par_1_13' title="bbox 244 1688 1311 1786">
     <span class='ocr_line' id='line_1_13' title="bbox 244 1688 1311 1786; baseline 0.002 -29"><span class='ocrx_word' id='word_1_86' title='bbox 244 1714 323 1760; x_wconf 90' lang='lat' dir='ltr'>non</span> <span class='ocrx_word' id='word_1_87' title='bbox 342 1691 497 1777; x_wconf 90' lang='lat' dir='ltr'>virtute,</span> <span class='ocrx_word' id='word_1_88' title='bbox 526 1689 589 1760; x_wconf 91' lang='lat' dir='ltr'>sed</span> <span class='ocrx_word' id='word_1_89' title='bbox 617 1688 860 1759; x_wconf 86' lang='lat' dir='ltr'>imbecillitate</span> <span class='ocrx_word' id='word_1_90' title='bbox 885 1692 1087 1776; x_wconf 90' lang='lat' dir='ltr'>sociorum,</span> <span class='ocrx_word' id='word_1_91' title='bbox 1113 1688 1311 1786; x_wconf 90' lang='lat' dir='ltr'>potentiam</span> 
     </span>
    </p>

    <p class='ocr_par' dir='ltr' id='par_1_14' title="bbox 199 1798 1408 2009">
     <span class='ocr_line' id='line_1_14' title="bbox 200 1798 1312 1897; baseline 0 -28"><span class='ocrx_word' id='word_1_92' title='bbox 200 1826 230 1863; x_wconf 77' lang='lat'>12</span> <span class='ocrx_word' id='word_1_93' title='bbox 245 1812 488 1895; x_wconf 72' lang='lat' dir='ltr'>quaererent.»</span> <span class='ocrx_word' id='word_1_94' title='bbox 507 1800 564 1869; x_wconf 90' lang='lat' dir='ltr'>Sic</span> <span class='ocrx_word' id='word_1_95' title='bbox 587 1799 772 1888; x_wconf 87' lang='lat' dir='ltr'>dimissus,</span> <span class='ocrx_word' id='word_1_96' title='bbox 787 1799 898 1871; x_wconf 88' lang='lat' dir='ltr'>veluti</span> <span class='ocrx_word' id='word_1_97' title='bbox 921 1798 1150 1897; x_wconf 87' lang='lat' dir='ltr'>triumphatis</span> <span class='ocrx_word' id='word_1_98' title='bbox 1170 1803 1312 1897; x_wconf 89' lang='lat' dir='ltr'>Sparta-</span> 
     </span>
     <span class='ocr_line' id='line_1_15' title="bbox 199 1902 1408 2009; baseline 0.005 -35"><span class='ocrx_word' id='word_1_99' title='bbox 199 1922 230 1974; x_wconf 78' lang='lat' dir='ltr'>rs</span> <span class='ocrx_word' id='word_1_100' title='bbox 245 1911 321 2000; x_wconf 92' lang='lat' dir='ltr'>nis,</span> <span class='ocrx_word' id='word_1_101' title='bbox 340 1934 361 1981; x_wconf 86' lang='lat' dir='ltr'>a</span> <span class='ocrx_word' id='word_1_102' title='bbox 379 1908 519 1983; x_wconf 86' lang='lat' dir='ltr'>civibus</span> <span class='ocrx_word' id='word_1_103' title='bbox 537 1912 724 2009; x_wconf 85' lang='lat' dir='ltr'>excipitur.</span> <span class='ocrx_word' id='word_1_104' title='bbox 745 1914 829 1981; x_wconf 91' lang='lat' dir='ltr'>Post</span> <span class='ocrx_word' id='word_1_105' title='bbox 844 1910 930 1981; x_wconf 82' lang='lat' dir='ltr'>haec</span> <span class='ocrx_word' id='word_1_106' title='bbox 946 1902 1132 2008; x_wconf 78' lang='lat' dir='ltr'>Spartani,</span> <span class='ocrx_word' id='word_1_107' title='bbox 1151 1934 1199 1979; x_wconf 91' lang='lat' dir='ltr'>ne</span> <span class='ocrx_word' id='word_1_108' title='bbox 1217 1911 1313 1980; x_wconf 85' lang='lat' dir='ltr'>vires</span> <span class='ocrx_word' id='word_1_109' title='bbox 1404 1930 1408 1938; x_wconf 91' lang='grc'><strong>’</strong></span> 
     </span>
    </p>

    <p class='ocr_par' dir='ltr' id='par_1_15' title="bbox 245 2020 1312 2120">
     <span class='ocr_line' id='line_1_16' title="bbox 245 2020 1312 2120; baseline -0.004 -29"><span class='ocrx_word' id='word_1_110' title='bbox 245 2023 321 2092; x_wconf 92' lang='lat' dir='ltr'>otio</span> <span class='ocrx_word' id='word_1_111' title='bbox 338 2038 631 2120; x_wconf 86' lang='lat' dir='ltr'>corrumperent,</span> <span class='ocrx_word' id='word_1_112' title='bbox 645 2037 682 2092; x_wconf 91' lang='lat' dir='ltr'>et</span> <span class='ocrx_word' id='word_1_113' title='bbox 696 2036 738 2093; x_wconf 92' lang='lat' dir='ltr'>ut</span> <span class='ocrx_word' id='word_1_114' title='bbox 757 2020 813 2092; x_wconf 91' lang='lat' dir='ltr'>bis</span> <span class='ocrx_word' id='word_1_115' title='bbox 835 2020 972 2093; x_wconf 91' lang='lat' dir='ltr'>illatum</span> <span class='ocrx_word' id='word_1_116' title='bbox 992 2044 1012 2091; x_wconf 90' lang='lat' dir='ltr'>a</span> <span class='ocrx_word' id='word_1_117' title='bbox 1031 2022 1145 2090; x_wconf 88' lang='lat' dir='ltr'>Persis</span> <span class='ocrx_word' id='word_1_118' title='bbox 1165 2021 1312 2089; x_wconf 82' lang='lat' dir='ltr'>Graeciae</span> 
     </span>
    </p>

    <p class='ocr_par' dir='ltr' id='par_1_16' title="bbox 245 2127 1311 2229">
     <span class='ocr_line' id='line_1_17' title="bbox 245 2127 1311 2229; baseline -0.002 -28"><span class='ocrx_word' id='word_1_119' title='bbox 245 2127 381 2203; x_wconf 88' lang='lat' dir='ltr'>bellurn</span> <span class='ocrx_word' id='word_1_120' title='bbox 393 2132 668 2219; x_wconf 90' lang='lat' dir='ltr'>ulciscerentur,</span> <span class='ocrx_word' id='word_1_121' title='bbox 678 2132 776 2205; x_wconf 93' lang='lat' dir='ltr'>ultro</span> <span class='ocrx_word' id='word_1_122' title='bbox 788 2130 880 2205; x_wconf 83' lang='lat' dir='ltr'>fines</span> <span class='ocrx_word' id='word_1_123' title='bbox 893 2158 1020 2205; x_wconf 88' lang='lat' dir='ltr'>eorum</span> <span class='ocrx_word' id='word_1_124' title='bbox 1033 2130 1311 2229; x_wconf 85' lang='lat' dir='ltr'>depopulantur.</span> 
     </span>
    </p>

    <p class='ocr_par' dir='ltr' id='par_1_17' title="bbox 202 2241 1313 2343">
     <span class='ocr_line' id='line_1_18' title="bbox 202 2241 1313 2343; baseline -0.002 -31"><span class='ocrx_word' id='word_1_125' title='bbox 202 2258 231 2313; x_wconf 68' lang='grc' dir='ltr'>η’</span> <span class='ocrx_word' id='word_1_126' title='bbox 247 2247 385 2316; x_wconf 89' lang='lat' dir='ltr'>Ducem</span> <span class='ocrx_word' id='word_1_127' title='bbox 415 2270 483 2316; x_wconf 92' lang='lat' dir='ltr'>suo</span> <span class='ocrx_word' id='word_1_128' title='bbox 512 2246 769 2343; x_wconf 85' lang='lat' dir='ltr'>sociorumque</span> <span class='ocrx_word' id='word_1_129' title='bbox 799 2245 972 2316; x_wconf 79' lang='lat' dir='ltr'>exercitui</span> <span class='ocrx_word' id='word_1_130' title='bbox 999 2241 1162 2341; x_wconf 82' lang='lat' dir='ltr'>deligunt</span> <span class='ocrx_word' id='word_1_131' title='bbox 1187 2246 1313 2311; x_wconf 86' lang='lat' dir='ltr'>Pausa-</span> 
     </span>
    </p>
   </div>
   <div class='ocr_carea' id='block_1_3' title="bbox 202 2351 1314 2890">
    <p class='ocr_par' dir='ltr' id='par_1_18' title="bbox 202 2351 1314 2890">
     <span class='ocr_line' id='line_1_19' title="bbox 245 2351 1312 2455; baseline -0.001 -32"><span class='ocrx_word' id='word_1_132' title='bbox 245 2356 341 2424; x_wconf 90' lang='lat' dir='ltr'>niam</span> <span class='ocrx_word' id='word_1_133' title='bbox 362 2383 370 2425; x_wconf 90' lang='lat'>:</span> <span class='ocrx_word' id='word_1_134' title='bbox 391 2359 475 2453; x_wconf 90' lang='lat' dir='ltr'>qui,</span> <span class='ocrx_word' id='word_1_135' title='bbox 498 2382 566 2454; x_wconf 90' lang='lat' dir='ltr'>pro</span> <span class='ocrx_word' id='word_1_136' title='bbox 590 2356 742 2444; x_wconf 88' lang='lat' dir='ltr'>ducatu,</span> <span class='ocrx_word' id='word_1_137' title='bbox 765 2380 918 2455; x_wconf 81' lang='lat' dir='ltr'>regnum</span> <span class='ocrx_word' id='word_1_138' title='bbox 941 2356 1086 2425; x_wconf 84' lang='lat' dir='ltr'>Graeciae</span> <span class='ocrx_word' id='word_1_139' title='bbox 1110 2351 1312 2440; x_wconf 85' lang='lat' dir='ltr'>adfectans,</span> 
     </span>
     <span class='ocr_line' id='line_1_20' title="bbox 246 2462 1314 2566; baseline -0.006 -30"><span class='ocrx_word' id='word_1_140' title='bbox 246 2466 462 2561; x_wconf 88' lang='lat' dir='ltr'>proditionis</span> <span class='ocrx_word' id='word_1_141' title='bbox 485 2471 672 2566; x_wconf 64' lang='lat' dir='ltr'>praemium</span> <span class='ocrx_word' id='word_1_142' title='bbox 701 2494 784 2538; x_wconf 90' lang='lat' dir='ltr'>cum</span> <span class='ocrx_word' id='word_1_143' title='bbox 813 2474 931 2537; x_wconf 85' lang='lat' dir='ltr'>Xerxe</span> <span class='ocrx_word' id='word_1_144' title='bbox 960 2466 1104 2563; x_wconf 88' lang='lat' dir='ltr'>nuptias</span> <span class='ocrx_word' id='word_1_145' title='bbox 1132 2462 1212 2531; x_wconf 87' lang='lat' dir='ltr'>filiae</span> <span class='ocrx_word' id='word_1_146' title='bbox 1238 2462 1314 2557; x_wconf 77' lang='lat' dir='ltr'>rjus</span> 
     </span>
     <span class='ocr_line' id='line_1_21' title="bbox 246 2570 1314 2675; baseline -0.004 -32"><span class='ocrx_word' id='word_1_147' title='bbox 246 2579 448 2672; x_wconf 85' lang='lat' dir='ltr'>paciscitur,</span> <span class='ocrx_word' id='word_1_148' title='bbox 459 2578 610 2648; x_wconf 86' lang='lat' dir='ltr'>redditis</span> <span class='ocrx_word' id='word_1_149' title='bbox 624 2580 791 2675; x_wconf 88' lang='lat' dir='ltr'>captivis,</span> <span class='ocrx_word' id='word_1_150' title='bbox 804 2592 845 2648; x_wconf 90' lang='lat' dir='ltr'>ut</span> <span class='ocrx_word' id='word_1_151' title='bbox 859 2574 950 2645; x_wconf 88' lang='lat' dir='ltr'>fides</span> <span class='ocrx_word' id='word_1_152' title='bbox 964 2578 1057 2668; x_wconf 82' lang='lat' dir='ltr'>regis</span> <span class='ocrx_word' id='word_1_153' title='bbox 1072 2574 1192 2667; x_wconf 91' lang='lat' dir='ltr'>aliquo</span> <span class='ocrx_word' id='word_1_154' title='bbox 1204 2570 1314 2640; x_wconf 86' lang='lat' dir='ltr'>bene-</span> 
     </span>
     <span class='ocr_line' id='line_1_22' title="bbox 202 2683 1313 2783; baseline 0.001 -31"><span class='ocrx_word' id='word_1_155' title='bbox 202 2696 231 2744; x_wconf 77' lang='lat'>15</span> <span class='ocrx_word' id='word_1_156' title='bbox 244 2683 330 2755; x_wconf 87' lang='lat' dir='ltr'>ficio</span> <span class='ocrx_word' id='word_1_157' title='bbox 357 2685 656 2783; x_wconf 86' lang='lat' dir='ltr'>obstringeretur.</span> <span class='ocrx_word' id='word_1_158' title='bbox 677 2686 809 2757; x_wconf 87' lang='lat' dir='ltr'>Scribit</span> <span class='ocrx_word' id='word_1_159' title='bbox 830 2700 1001 2783; x_wconf 73' lang='lat' dir='ltr'>praeterea</span> <span class='ocrx_word' id='word_1_160' title='bbox 1019 2684 1145 2767; x_wconf 84' lang='lat' dir='ltr'>Xerxi,</span> <span class='ocrx_word' id='word_1_161' title='bbox 1164 2710 1181 2745; x_wconf 71' lang='lat' dir='ltr'>c&lt;</span> <span class='ocrx_word' id='word_1_162' title='bbox 1195 2684 1313 2770; x_wconf 91' lang='lat' dir='ltr'>Quos·</span> 
     </span>
     <span class='ocr_line' id='line_1_23' title="bbox 245 2790 1313 2890; baseline 0.001 -28"><span class='ocrx_word' id='word_1_163' title='bbox 245 2814 394 2890; x_wconf 87' lang='lat' dir='ltr'>cunque</span> <span class='ocrx_word' id='word_1_164' title='bbox 411 2795 458 2865; x_wconf 91' lang='lat' dir='ltr'>ad</span> <span class='ocrx_word' id='word_1_165' title='bbox 480 2821 517 2866; x_wconf 93' lang='lat' dir='ltr'>se</span> <span class='ocrx_word' id='word_1_166' title='bbox 539 2800 689 2876; x_wconf 89' lang='lat' dir='ltr'>nuntios</span> <span class='ocrx_word' id='word_1_167' title='bbox 712 2797 885 2881; x_wconf 89' lang='lat' dir='ltr'>misisset,</span> <span class='ocrx_word' id='word_1_168' title='bbox 904 2790 1126 2864; x_wconf 89' lang='lat' dir='ltr'>interficeret</span> <span class='ocrx_word' id='word_1_169' title='bbox 1149 2818 1156 2861; x_wconf 93' lang='lat'><strong>:</strong></span> <span class='ocrx_word' id='word_1_170' title='bbox 1183 2816 1231 2863; x_wconf 94' lang='lat' dir='ltr'>ne</span> <span class='ocrx_word' id='word_1_171' title='bbox 1255 2816 1313 2863; x_wconf 89' lang='lat' dir='ltr'>res</span> 
     </span>
    </p>
   </div>
   <div class='ocr_carea' id='block_1_4' title="bbox 244 2961 1316 4213">
    <p class='ocr_par' dir='ltr' id='par_1_19' title="bbox 244 2961 1315 3431">
     <span class='ocr_line' id='line_1_24' title="bbox 280 2961 1314 3037; baseline -0.001 -18"><span class='ocrx_word' id='word_1_172' title='bbox 280 2968 305 3019; x_wconf 83' lang='lat'>8.</span> <span class='ocrx_word' id='word_1_173' title='bbox 324 2970 443 3020; x_wconf 67' lang='lat' dir='ltr'>Vincunt.</span> <span class='ocrx_word' id='word_1_174' title='bbox 459 2968 491 3020; x_wconf 89' lang='lat' dir='ltr'>In</span> <span class='ocrx_word' id='word_1_175' title='bbox 505 2968 623 3021; x_wconf 85' lang='lat' dir='ltr'>custodia</span> <span class='ocrx_word' id='word_1_176' title='bbox 635 2981 756 3033; x_wconf 81' lang='lat' dir='ltr'>teneant,</span> <span class='ocrx_word' id='word_1_177' title='bbox 796 2970 894 3031; x_wconf 80' lang='lat' dir='ltr'>misero,</span> <span class='ocrx_word' id='word_1_178' title='bbox 905 2966 1040 3037; x_wconf 74' lang='lat' dir='ltr'>biterficito.</span> <span class='ocrx_word' id='word_1_179' title='bbox 1051 2968 1101 3020; x_wconf 85' lang='lat' dir='ltr'>llic</span> <span class='ocrx_word' id='word_1_180' title='bbox 1116 2980 1202 3020; x_wconf 90' lang='lat' dir='ltr'>autem</span> <span class='ocrx_word' id='word_1_181' title='bbox 1214 2961 1242 3018; x_wconf 73' lang='lat' dir='ltr'>ri</span> <span class='ocrx_word' id='word_1_182' title='bbox 1252 2986 1314 3019; x_wconf 83' lang='lat' dir='ltr'>nun·</span> 
     </span>
     <span class='ocr_line' id='line_1_25' title="bbox 245 3044 1312 3120; baseline 0.001 -23"><span class='ocrx_word' id='word_1_183' title='bbox 245 3058 273 3097; x_wconf 88' lang='lat' dir='ltr'>ut</span> <span class='ocrx_word' id='word_1_184' title='bbox 284 3045 388 3120; x_wconf 66' lang='lat' dir='ltr'>Cloelia,</span> <span class='ocrx_word' id='word_1_185' title='bbox 398 3044 474 3098; x_wconf 83' lang='lat' dir='ltr'>obses</span> <span class='ocrx_word' id='word_1_186' title='bbox 485 3048 603 3100; x_wconf 81' lang='lat' dir='ltr'>Etruscis</span> <span class='ocrx_word' id='word_1_187' title='bbox 613 3048 672 3099; x_wconf 86' lang='lat' dir='ltr'>data</span> <span class='ocrx_word' id='word_1_188' title='bbox 684 3046 755 3119; x_wconf 85' lang='lat' dir='ltr'>apud</span> <span class='ocrx_word' id='word_1_189' title='bbox 797 3046 972 3117; x_wconf 80' lang='lat' dir='ltr'>tiosignorant</span> <span class='ocrx_word' id='word_1_190' title='bbox 980 3047 1170 3101; x_wconf 75' lang='lat' dir='ltr'>meliorisnotae</span> <span class='ocrx_word' id='word_1_191' title='bbox 1178 3046 1256 3099; x_wconf 85' lang='lat' dir='ltr'>MSS.</span> <span class='ocrx_word' id='word_1_192' title='bbox 1267 3064 1312 3099; x_wconf 84' lang='lat' dir='ltr'>va-</span> 
     </span>
     <span class='ocr_line' id='line_1_26' title="bbox 244 3122 1312 3197; baseline 0.003 -25"><span class='ocrx_word' id='word_1_193' title='bbox 244 3122 321 3193; x_wconf 71' lang='lat' dir='ltr'>Virg.</span> <span class='ocrx_word' id='word_1_194' title='bbox 335 3124 395 3175; x_wconf 83' lang='lat' dir='ltr'>AEn.</span> <span class='ocrx_word' id='word_1_195' title='bbox 409 3122 464 3189; x_wconf 83' lang='lat' dir='ltr'>IX,</span> <span class='ocrx_word' id='word_1_196' title='bbox 476 3144 504 3177; x_wconf 82' lang='lat' dir='ltr'>r.</span> <span class='ocrx_word' id='word_1_197' title='bbox 516 3127 583 3189; x_wconf 84' lang='lat'>652,</span> <span class='ocrx_word' id='word_1_198' title='bbox 595 3124 705 3177; x_wconf 84' lang='lat' dir='ltr'>fluvium</span> <span class='ocrx_word' id='word_1_199' title='bbox 717 3126 756 3179; x_wconf 85' lang='lat' dir='ltr'>in·</span> <span class='ocrx_word' id='word_1_200' title='bbox 797 3126 918 3197; x_wconf 78' lang='lat' dir='ltr'>risntque</span> <span class='ocrx_word' id='word_1_201' title='bbox 933 3126 962 3178; x_wconf 87' lang='lat' dir='ltr'>in</span> <span class='ocrx_word' id='word_1_202' title='bbox 970 3130 1061 3197; x_wconf 83' lang='lat' dir='ltr'>potios,</span> <span class='ocrx_word' id='word_1_203' title='bbox 1069 3129 1183 3197; x_wconf 81' lang='lat' dir='ltr'>pontias,</span> <span class='ocrx_word' id='word_1_204' title='bbox 1196 3126 1312 3195; x_wconf 79' lang='lat' dir='ltr'>pontion,</span> 
     </span>
     <span class='ocr_line' id='line_1_27' title="bbox 245 3203 1314 3277; baseline 0.001 -25"><span class='ocrx_word' id='word_1_205' title='bbox 245 3215 290 3253; x_wconf 89' lang='lat' dir='ltr'>nat</span> <span class='ocrx_word' id='word_1_206' title='bbox 299 3204 385 3254; x_wconf 65' lang='lat' dir='ltr'>aneta</span> <span class='ocrx_word' id='word_1_207' title='bbox 395 3203 496 3273; x_wconf 88' lang='lat' dir='ltr'>ruptis,</span> <span class='ocrx_word' id='word_1_208' title='bbox 506 3203 552 3254; x_wconf 87' lang='lat' dir='ltr'>ubi</span> <span class='ocrx_word' id='word_1_209' title='bbox 564 3204 688 3257; x_wconf 85' lang='lat' dir='ltr'>Servius:</span> <span class='ocrx_word' id='word_1_210' title='bbox 700 3204 757 3255; x_wconf 84' lang='lat' dir='ltr'>vin·</span> <span class='ocrx_word' id='word_1_211' title='bbox 798 3208 898 3257; x_wconf 75' lang='lat' dir='ltr'>saucios</span> <span class='ocrx_word' id='word_1_212' title='bbox 902 3206 999 3277; x_wconf 75' lang='lat' dir='ltr'>portior</span> <span class='ocrx_word' id='word_1_213' title='bbox 1007 3227 1016 3257; x_wconf 94' lang='lat'><em>:</em></span> <span class='ocrx_word' id='word_1_214' title='bbox 1025 3204 1086 3259; x_wconf 88' lang='lat' dir='ltr'>inde</span> <span class='ocrx_word' id='word_1_215' title='bbox 1094 3205 1240 3275; x_wconf 85' lang='lat' dir='ltr'>suspicatur</span> <span class='ocrx_word' id='word_1_216' title='bbox 1246 3204 1314 3255; x_wconf 89' lang='lat' dir='ltr'>Bon·</span> 
     </span>
     <span class='ocr_line' id='line_1_28' title="bbox 246 3280 1315 3355; baseline 0 -24"><span class='ocrx_word' id='word_1_217' title='bbox 246 3280 285 3331; x_wconf 87' lang='lat' dir='ltr'>cla</span> <span class='ocrx_word' id='word_1_218' title='bbox 305 3299 355 3351; x_wconf 90' lang='lat' dir='ltr'>pro</span> <span class='ocrx_word' id='word_1_219' title='bbox 380 3280 493 3332; x_wconf 81' lang='lat' dir='ltr'>custodiis</span> <span class='ocrx_word' id='word_1_220' title='bbox 514 3281 674 3352; x_wconf 85' lang='lat' dir='ltr'>accipimus,</span> <span class='ocrx_word' id='word_1_221' title='bbox 695 3282 757 3353; x_wconf 79' lang='lat' dir='ltr'>quia</span> <span class='ocrx_word' id='word_1_222' title='bbox 800 3302 868 3355; x_wconf 68' lang='lat' dir='ltr'>gers.</span> <span class='ocrx_word' id='word_1_223' title='bbox 882 3302 976 3337; x_wconf 83' lang='lat' dir='ltr'>vocem</span> <span class='ocrx_word' id='word_1_224' title='bbox 990 3284 1034 3337; x_wconf 89' lang='lat' dir='ltr'>hic</span> <span class='ocrx_word' id='word_1_225' title='bbox 1047 3296 1091 3335; x_wconf 88' lang='lat' dir='ltr'>aut</span> <span class='ocrx_word' id='word_1_226' title='bbox 1104 3283 1254 3343; x_wconf 88' lang='lat' dir='ltr'>barbaram,</span> <span class='ocrx_word' id='word_1_227' title='bbox 1269 3292 1315 3332; x_wconf 83' lang='lat' dir='ltr'>aut</span> 
     </span>
     <span class='ocr_line' id='line_1_29' title="bbox 247 3356 1314 3431; baseline 0 -22"><span class='ocrx_word' id='word_1_228' title='bbox 247 3358 351 3411; x_wconf 89' lang='lat' dir='ltr'>obsides</span> <span class='ocrx_word' id='word_1_229' title='bbox 364 3378 420 3411; x_wconf 86' lang='lat' dir='ltr'>non</span> <span class='ocrx_word' id='word_1_230' title='bbox 433 3359 557 3429; x_wconf 73' lang='lat' dir='ltr'>ligentur.</span> <span class='ocrx_word' id='word_1_231' title='bbox 799 3360 895 3413; x_wconf 82' lang='lat' dir='ltr'>Justini</span> <span class='ocrx_word' id='word_1_232' title='bbox 912 3380 969 3413; x_wconf 80' lang='lat' dir='ltr'>asro</span> <span class='ocrx_word' id='word_1_233' title='bbox 987 3373 1152 3431; x_wconf 87' lang='lat' dir='ltr'>usurpatam,</span> <span class='ocrx_word' id='word_1_234' title='bbox 1167 3369 1212 3409; x_wconf 87' lang='lat' dir='ltr'>aut</span> <span class='ocrx_word' id='word_1_235' title='bbox 1228 3356 1314 3409; x_wconf 82' lang='lat' dir='ltr'>Persi·</span> 
     </span>
    </p>

    <p class='ocr_par' dir='ltr' id='par_1_20' title="bbox 247 3435 1314 3589">
     <span class='ocr_line' id='line_1_30' title="bbox 283 3435 1314 3504; baseline -0.002 -15"><span class='ocrx_word' id='word_1_236' title='bbox 283 3454 324 3489; x_wconf 78' lang='grc' dir='ltr'>ιι.</span> <span class='ocrx_word' id='word_1_237' title='bbox 339 3437 413 3504; x_wconf 81' lang='lat' dir='ltr'>Quod</span> <span class='ocrx_word' id='word_1_238' title='bbox 421 3440 579 3488; x_wconf 64' lang='lat' dir='ltr'>noavbtute.</span> <span class='ocrx_word' id='word_1_239' title='bbox 590 3435 669 3500; x_wconf 72' lang='lat' dir='ltr'>Ald..</span> <span class='ocrx_word' id='word_1_240' title='bbox 684 3438 758 3489; x_wconf 87' lang='lat' dir='ltr'>Junt.</span> <span class='ocrx_word' id='word_1_241' title='bbox 800 3458 858 3491; x_wconf 80' lang='lat' dir='ltr'>oem</span> <span class='ocrx_word' id='word_1_242' title='bbox 876 3440 965 3493; x_wconf 85' lang='lat' dir='ltr'>latere.</span> <span class='ocrx_word' id='word_1_243' title='bbox 980 3438 1099 3493; x_wconf 68' lang='lat' dir='ltr'>Graevius</span> <span class='ocrx_word' id='word_1_244' title='bbox 1115 3448 1203 3489; x_wconf 84' lang='lat' dir='ltr'>autem</span> <span class='ocrx_word' id='word_1_245' title='bbox 1216 3454 1230 3485; x_wconf 89' lang='lat' dir='ltr'>a</span> <span class='ocrx_word' id='word_1_246' title='bbox 1243 3435 1314 3487; x_wconf 84' lang='lat' dir='ltr'>Bon-</span> 
     </span>
     <span class='ocr_line' id='line_1_31' title="bbox 247 3512 1313 3589; baseline -0.002 -22"><span class='ocrx_word' id='word_1_247' title='bbox 247 3516 314 3589; x_wconf 83' lang='lat' dir='ltr'>quod</span> <span class='ocrx_word' id='word_1_248' title='bbox 324 3535 374 3567; x_wconf 82' lang='lat' dir='ltr'>noa</span> <span class='ocrx_word' id='word_1_249' title='bbox 385 3535 430 3571; x_wconf 84' lang='lat' dir='ltr'>rua</span> <span class='ocrx_word' id='word_1_250' title='bbox 441 3518 607 3576; x_wconf 72' lang='lat' dir='ltr'>vinut05nec</span> <span class='ocrx_word' id='word_1_251' title='bbox 620 3516 695 3567; x_wconf 87' lang='lat' dir='ltr'>male.</span> <span class='ocrx_word' id='word_1_252' title='bbox 712 3536 759 3568; x_wconf 81' lang='lat' dir='ltr'>sn.</span> <span class='ocrx_word' id='word_1_253' title='bbox 793 3518 887 3589; x_wconf 83' lang='lat' dir='ltr'>·garsi0</span> <span class='ocrx_word' id='word_1_254' title='bbox 911 3515 1068 3569; x_wconf 71' lang='lat' dir='ltr'>ducentiens</span> <span class='ocrx_word' id='word_1_255' title='bbox 1099 3512 1229 3567; x_wconf 85' lang='lat' dir='ltr'>existimat</span> <span class='ocrx_word' id='word_1_256' title='bbox 1249 3532 1313 3584; x_wconf 72' lang='lat' dir='ltr'>¹ratari-</span> 
     </span>
    </p>

    <p class='ocr_par' dir='ltr' id='par_1_21' title="bbox 248 3590 1315 3745">
     <span class='ocr_line' id='line_1_32' title="bbox 285 3590 1315 3657; baseline 0 -12"><span class='ocrx_word' id='word_1_257' title='bbox 285 3594 325 3646; x_wconf 79' lang='lat'>13.</span> <span class='ocrx_word' id='word_1_258' title='bbox 337 3596 379 3644; x_wconf 79' lang='lat' dir='ltr'>Bis</span> <span class='ocrx_word' id='word_1_259' title='bbox 392 3593 492 3645; x_wconf 65' lang='lat' dir='ltr'>iustum</span> <span class='ocrx_word' id='word_1_260' title='bbox 503 3596 527 3645; x_wconf 79' lang='lat' dir='ltr'>A</span> <span class='ocrx_word' id='word_1_261' title='bbox 540 3593 620 3645; x_wconf 85' lang='lat' dir='ltr'>Dario</span> <span class='ocrx_word' id='word_1_262' title='bbox 634 3606 660 3645; x_wconf 86' lang='lat' dir='ltr'>et</span> <span class='ocrx_word' id='word_1_263' title='bbox 673 3594 761 3647; x_wconf 85' lang='lat' dir='ltr'>Xerxe</span> <span class='ocrx_word' id='word_1_264' title='bbox 802 3598 847 3646; x_wconf 82' lang='lat' dir='ltr'>tios</span> <span class='ocrx_word' id='word_1_265' title='bbox 860 3614 887 3647; x_wconf 80' lang='lat' dir='ltr'>se</span> <span class='ocrx_word' id='word_1_266' title='bbox 899 3594 1042 3646; x_wconf 83' lang='lat' dir='ltr'>rectissime</span> <span class='ocrx_word' id='word_1_267' title='bbox 1055 3594 1166 3657; x_wconf 88' lang='lat' dir='ltr'>hahere,</span> <span class='ocrx_word' id='word_1_268' title='bbox 1177 3590 1223 3645; x_wconf 90' lang='lat' dir='ltr'>sed</span> <span class='ocrx_word' id='word_1_269' title='bbox 1237 3590 1271 3643; x_wconf 88' lang='lat' dir='ltr'>de</span> <span class='ocrx_word' id='word_1_270' title='bbox 1282 3592 1315 3645; x_wconf 91' lang='lat' dir='ltr'>iis</span> 
     </span>
     <span class='ocr_line' id='line_1_33' title="bbox 248 3672 1314 3745; baseline 0.004 -24"><span class='ocrx_word' id='word_1_271' title='bbox 248 3688 305 3741; x_wconf 87' lang='lat' dir='ltr'>cap.</span> <span class='ocrx_word' id='word_1_272' title='bbox 319 3691 335 3738; x_wconf 86' lang='lat'><strong>9</strong></span> <span class='ocrx_word' id='word_1_273' title='bbox 348 3685 375 3724; x_wconf 87' lang='lat' dir='ltr'>et</span> <span class='ocrx_word' id='word_1_274' title='bbox 389 3690 435 3736; x_wconf 83' lang='grc' dir='ltr'>ιο,</span> <span class='ocrx_word' id='word_1_275' title='bbox 454 3691 493 3725; x_wconf 80' lang='lat' dir='ltr'>ra.</span> <span class='ocrx_word' id='word_1_276' title='bbox 802 3674 848 3745; x_wconf 91' lang='lat' dir='ltr'>qui</span> <span class='ocrx_word' id='word_1_277' title='bbox 859 3692 894 3725; x_wconf 79' lang='lat' dir='ltr'>ex</span> <span class='ocrx_word' id='word_1_278' title='bbox 905 3674 989 3725; x_wconf 88' lang='lat' dir='ltr'>Ponto</span> <span class='ocrx_word' id='word_1_279' title='bbox 1002 3685 1075 3737; x_wconf 86' lang='lat' dir='ltr'>sunt,</span> <span class='ocrx_word' id='word_1_280' title='bbox 1086 3684 1209 3743; x_wconf 86' lang='lat' dir='ltr'>oportere</span> <span class='ocrx_word' id='word_1_281' title='bbox 1220 3672 1314 3743; x_wconf 81' lang='lat' dir='ltr'>accipi.</span> 
     </span>
    </p>

    <p class='ocr_par' dir='ltr' id='par_1_22' title="bbox 247 3748 1316 4057">
     <span class='ocr_line' id='line_1_34' title="bbox 285 3748 1314 3822; baseline 0.002 -23"><span class='ocrx_word' id='word_1_282' title='bbox 285 3750 760 3815; x_wconf 65' lang='lat' dir='ltr'>14.Paruaaiam.Conl.Diodoer,</span> <span class='ocrx_word' id='word_1_283' title='bbox 803 3753 864 3807; x_wconf 82' lang='lat' dir='ltr'>Fuit</span> <span class='ocrx_word' id='word_1_284' title='bbox 884 3768 979 3822; x_wconf 88' lang='lat' dir='ltr'>nempe</span> <span class='ocrx_word' id='word_1_285' title='bbox 1001 3750 1139 3803; x_wconf 86' lang='lat' dir='ltr'>Pausanias</span> <span class='ocrx_word' id='word_1_286' title='bbox 1161 3749 1189 3801; x_wconf 91' lang='lat' dir='ltr'>in</span> <span class='ocrx_word' id='word_1_287' title='bbox 1211 3748 1314 3802; x_wconf 80' lang='lat' dir='ltr'>Helles·</span> 
     </span>
     <span class='ocr_line' id='line_1_35' title="bbox 248 3828 1316 3901; baseline 0.001 -22"><span class='ocrx_word' id='word_1_288' title='bbox 248 3834 331 3897; x_wconf 73' lang='grc'><em>44-47</em></span> <span class='ocrx_word' id='word_1_289' title='bbox 344 3840 371 3879; x_wconf 87' lang='lat' dir='ltr'>et</span> <span class='ocrx_word' id='word_1_290' title='bbox 383 3828 463 3882; x_wconf 91' lang='lat' dir='ltr'>Corn.</span> <span class='ocrx_word' id='word_1_291' title='bbox 479 3828 532 3893; x_wconf 88' lang='lat' dir='ltr'>IV,</span> <span class='ocrx_word' id='word_1_292' title='bbox 548 3850 578 3893; x_wconf 81' lang='lat' dir='ltr'>r,</span> <span class='ocrx_word' id='word_1_293' title='bbox 598 3848 626 3894; x_wconf 87' lang='grc' dir='ltr'>ι,</span> <span class='ocrx_word' id='word_1_294' title='bbox 638 3828 727 3899; x_wconf 90' lang='lat' dir='ltr'>ibique</span> <span class='ocrx_word' id='word_1_295' title='bbox 746 3849 761 3881; x_wconf 88' lang='lat' dir='ltr'>a</span> <span class='ocrx_word' id='word_1_296' title='bbox 802 3843 886 3901; x_wconf 90' lang='lat' dir='ltr'>ponto</span> <span class='ocrx_word' id='word_1_297' title='bbox 905 3829 1077 3893; x_wconf 86' lang='lat' dir='ltr'>constitutus,</span> <span class='ocrx_word' id='word_1_298' title='bbox 1091 3846 1173 3898; x_wconf 90' lang='lat' dir='ltr'>quum</span> <span class='ocrx_word' id='word_1_299' title='bbox 1191 3829 1316 3883; x_wconf 86' lang='lat' dir='ltr'>scriberet</span> 
     </span>
     <span class='ocr_line' id='line_1_36' title="bbox 247 3904 1314 3979; baseline -0.004 -19"><span class='ocrx_word' id='word_1_300' title='bbox 247 3924 290 3960; x_wconf 85' lang='lat' dir='ltr'>me</span> <span class='ocrx_word' id='word_1_301' title='bbox 303 3918 407 3971; x_wconf 86' lang='lat' dir='ltr'>notata,</span> <span class='ocrx_word' id='word_1_302' title='bbox 428 3906 488 3959; x_wconf 88' lang='lat' dir='ltr'>coll.</span> <span class='ocrx_word' id='word_1_303' title='bbox 503 3906 569 3962; x_wconf 89' lang='lat' dir='ltr'>ibid.</span> <span class='ocrx_word' id='word_1_304' title='bbox 591 3909 618 3960; x_wconf 91' lang='lat' dir='ltr'>in</span> <span class='ocrx_word' id='word_1_305' title='bbox 634 3909 710 3959; x_wconf 81' lang='lat' dir='ltr'>Arist.</span> <span class='ocrx_word' id='word_1_306' title='bbox 729 3927 760 3973; x_wconf 80' lang='lat' dir='ltr'>s,</span> <span class='ocrx_word' id='word_1_307' title='bbox 803 3908 836 3961; x_wconf 87' lang='lat' dir='ltr'>ad</span> <span class='ocrx_word' id='word_1_308' title='bbox 845 3910 1054 3971; x_wconf 83' lang='lat' dir='ltr'>Xerxem,utex</span> <span class='ocrx_word' id='word_1_309' title='bbox 1062 3904 1222 3979; x_wconf 79' lang='lat' dir='ltr'>Thucydide</span> <span class='ocrx_word' id='word_1_310' title='bbox 1231 3906 1314 3959; x_wconf 85' lang='lat' dir='ltr'>mani-</span> 
     </span>
     <span class='ocr_line' id='line_1_37' title="bbox 249 3984 1315 4057; baseline 0 -22"><span class='ocrx_word' id='word_1_311' title='bbox 249 4006 280 4051; x_wconf 78' lang='lat' dir='ltr'>s,</span> <span class='ocrx_word' id='word_1_312' title='bbox 292 3986 345 4037; x_wconf 90' lang='lat' dir='ltr'>hoc</span> <span class='ocrx_word' id='word_1_313' title='bbox 358 3986 417 4037; x_wconf 84' lang='lat' dir='ltr'>loeo</span> <span class='ocrx_word' id='word_1_314' title='bbox 430 3988 454 4052; x_wconf 72' lang='lat'>5.</span> <span class='ocrx_word' id='word_1_315' title='bbox 471 3990 512 4038; x_wconf 81' lang='grc'>16.</span> <span class='ocrx_word' id='word_1_316' title='bbox 528 4018 561 4027; x_wconf 84' lang='lat'><em>-</em></span> <span class='ocrx_word' id='word_1_317' title='bbox 570 3988 602 4038; x_wconf 83' lang='lat' dir='ltr'>A.</span> <span class='ocrx_word' id='word_1_318' title='bbox 615 3988 651 4038; x_wconf 90' lang='lat' dir='ltr'>U.</span> <span class='ocrx_word' id='word_1_319' title='bbox 666 3988 725 4056; x_wconf 83' lang='lat'>278.</span> <span class='ocrx_word' id='word_1_320' title='bbox 785 3988 787 3995; x_wconf 80' lang='grc'><em>’</em></span> <span class='ocrx_word' id='word_1_321' title='bbox 805 3988 908 4039; x_wconf 79' lang='lat' dir='ltr'>festum.</span> <span class='ocrx_word' id='word_1_322' title='bbox 918 3988 1003 4057; x_wconf 85' lang='lat' dir='ltr'>lgitur</span> <span class='ocrx_word' id='word_1_323' title='bbox 1011 3985 1058 4057; x_wconf 90' lang='lat' dir='ltr'>qui</span> <span class='ocrx_word' id='word_1_324' title='bbox 1065 3984 1235 4039; x_wconf 87' lang='lat' dir='ltr'>mittebantur</span> <span class='ocrx_word' id='word_1_325' title='bbox 1242 3996 1315 4037; x_wconf 81' lang='lat' dir='ltr'>erant</span> 
     </span>
    </p>

    <p class='ocr_par' dir='ltr' id='par_1_23' title="bbox 248 4060 1315 4213">
     <span class='ocr_line' id='line_1_38' title="bbox 285 4060 1315 4137; baseline -0.002 -22"><span class='ocrx_word' id='word_1_326' title='bbox 285 4063 326 4117; x_wconf 80' lang='lat'>15.</span> <span class='ocrx_word' id='word_1_327' title='bbox 348 4068 506 4134; x_wconf 73' lang='lat' dir='ltr'>Quotcunque</span> <span class='ocrx_word' id='word_1_328' title='bbox 522 4065 558 4115; x_wconf 84' lang='lat' dir='ltr'>ad</span> <span class='ocrx_word' id='word_1_329' title='bbox 575 4085 602 4115; x_wconf 80' lang='lat' dir='ltr'>se</span> <span class='ocrx_word' id='word_1_330' title='bbox 626 4078 675 4116; x_wconf 88' lang='lat' dir='ltr'>etc.</span> <span class='ocrx_word' id='word_1_331' title='bbox 694 4066 761 4116; x_wconf 89' lang='lat' dir='ltr'>Ora·</span> <span class='ocrx_word' id='word_1_332' title='bbox 804 4068 898 4129; x_wconf 80' lang='lat' dir='ltr'>Pontii,</span> <span class='ocrx_word' id='word_1_333' title='bbox 915 4063 1106 4135; x_wconf 70' lang='lat' dir='ltr'>ginceniacum</span> <span class='ocrx_word' id='word_1_334' title='bbox 1126 4076 1156 4117; x_wconf 86' lang='lat' dir='ltr'>ut</span> <span class='ocrx_word' id='word_1_335' title='bbox 1172 4060 1242 4137; x_wconf 81' lang='lat' dir='ltr'>apud</span> <span class='ocrx_word' id='word_1_336' title='bbox 1254 4062 1315 4117; x_wconf 84' lang='lat' dir='ltr'>Ste-</span> 
     </span>
     <span class='ocr_line' id='line_1_39' title="bbox 248 4143 1145 4213; baseline 0 -21"><span class='ocrx_word' id='word_1_337' title='bbox 248 4143 320 4195; x_wconf 83' lang='lat' dir='ltr'>tione</span> <span class='ocrx_word' id='word_1_338' title='bbox 331 4154 401 4193; x_wconf 83' lang='lat' dir='ltr'>recta</span> <span class='ocrx_word' id='word_1_339' title='bbox 412 4158 418 4192; x_wconf 94' lang='lat'>:</span> <span class='ocrx_word' id='word_1_340' title='bbox 429 4160 580 4213; x_wconf 79' lang='lat' dir='ltr'>quoscunque</span> <span class='ocrx_word' id='word_1_341' title='bbox 590 4143 626 4193; x_wconf 82' lang='lat' dir='ltr'>ad</span> <span class='ocrx_word' id='word_1_342' title='bbox 635 4156 657 4192; x_wconf 82' lang='lat' dir='ltr'>te</span> <span class='ocrx_word' id='word_1_343' title='bbox 666 4146 763 4194; x_wconf 63' lang='lat' dir='ltr'>uentus</span> <span class='ocrx_word' id='word_1_344' title='bbox 804 4144 922 4213; x_wconf 81' lang='lat' dir='ltr'>phanum</span> <span class='ocrx_word' id='word_1_345' title='bbox 937 4156 974 4196; x_wconf 87' lang='lat' dir='ltr'>est</span> <span class='ocrx_word' id='word_1_346' title='bbox 988 4144 1085 4213; x_wconf 80' lang='lat' dir='ltr'>legere.</span> <span class='ocrx_word' id='word_1_347' title='bbox 1101 4160 1145 4195; x_wconf 77' lang='lat' dir='ltr'>sn.</span> 
     </span>
    </p>
   </div>
   <div class='ocr_carea' id='block_1_5' title="bbox 0 0 1501 4684">
    <p class='ocr_par' dir='ltr' id='par_1_24' title="bbox 0 0 1501 4684">
     <span class='ocr_line' id='line_1_40' title="bbox 0 0 1501 4684; baseline 0 0"><span class='ocrx_word' id='word_1_348' title='bbox 0 0 1501 4684; x_wconf 95' lang='lat' dir='ltr'> </span> 
     </span>
    </p>
   </div>
  </div>
 </body>
</html>
