2967 4684
482 371 545 439 ET
574 370 805 441 JUDICIA.
1098 398 1171 445 xvn

119 495 218 596 cujus
240 508 295 567 est
315 495 391 566 haee
409 491 592 591 epitoma,
614 514 723 563 nemo
749 494 796 563 D.
818 490 1047 591 Hieronymo
1075 494 1173 574 anti-

116 604 222 705 quior
239 616 513 679 commemorat.
553 608 575 667 ’.

236 808 471 879 JOANNES
503 806 794 878 GERARDUS
824 808 1063 890 VOSSIUS,

278 1002 323 1049 on
337 1000 779 1063 nrsronrcrsm‘rrms,n1a.
793 1002 821 1064 1,
834 1001 912 1049 car.
926 999 1018 1048 xxxi.
1150 990 1154 995 '

169 1174 304 1247 Justini
321 1174 384 1276 qui
399 1174 513 1274 Trogi
528 1174 713 1272 epitomen
730 1174 836 1266 fecit,
853 1201 920 1248 nec
934 1202 1071 1249 nomen
1080 1232 1092 1269 ,
1111 1205 1178 1252 nec

79 1322 81 1325 ·
119 1296 203 1357 aetas
221 1284 446 1383 dubitatione
462 1298 572 1357 caret.
593 1286 635 1356 ln
653 1284 807 1357 Antonii
824 1284 980 1357 Arnoldi
996 1283 1089 1359 libro
1105 1313 1179 1360 no-

120 1395 324 1468 minabatur
346 1396 503 1467 Jusrmus
529 1394 731 1469 Fnourmus.
757 1394 809 1466 At
833 1393 871 1465 in
897 1395 1021 1468 codice
1040 1394 1182 1469 Biblio-

119 1506 234 1578 thecae
254 1504 429 1589 Mediceae
453 1503 586 1577 dicitur
610 1505 665 1575 M.
685 1503 1037 1577 Juurmus'lusrruus.
1059 1507 1181 1611 Atque

121 1617 189 1689 hoc
211 1614 331 1689 verius
359 1638 487 1688 censeo
509 1614 556 1687 ob
579 1614 664 1687 libri
686 1616 761 1713 ejus
782 1614 1061 1714 antiquitatem:
1082 1620 1182 1717 cnjus

121 1738 379 1827 argumentum
391 1749 466 1815 non
478 1722 560 1800 lere
574 1737 644 1817 est,
659 1723 759 1825 quod
774 1724 1183 1826 literisLangobardicis

120 1834 274 1933 scriptus
291 1834 349 1907 sit.
372 1834 483 1934 Quod
496 1860 584 1909 vero
597 1833 642 1907 ad
652 1848 823 1925 aetatem,
841 1835 955 1937 Trogi
970 1840 1066 1937 ejus,
1083 1841 1182 1940 cujus

121 1945 308 2043 epitomen
319 1945 475 2043 scripsit,
488 1944 605 2017 filium
617 1944 723 2017 fuisse
735 1945 846 2017 tradit
857 1946 1049 2022 Gualterus
1062 1950 1186 2022 Burlea'

122 2055 297 2157 Anglicus
323 2054 387 2127 lib.
415 2053 462 2127 de
488 2056 580 2130 Vua
604 2054 909 2155 pbilosophorum,
935 2056 998 2156 qui
1015 2083 1111 2131 anno
1129 2060 1185 2131 ulo

49 2155 51 2164 ’
122 2192 195 2236 cccc
223 2190 314 2236 mum
344 2164 461 2237 editus
490 2165 535 2237 ab
563 2164 729 2260 Arnoldo
762 2164 986 2268 Terffirnen.
1016 2166 1087 2238 Sed
1116 2167 1185 2238 hoc

122 2272 255 2346 saeculo
272 2271 325 2343 illi
343 2272 611 2364 condonemm,
636 2298 709 2372 quo
726 2274 830 2347 vixit.
852 2276 907 2343 Ac
924 2272 1184 2347 eruditissimos

124 2382 236 2456 etiam
248 2381 344 2455 viros
356 2381 572 2472 videoesse,
592 2382 654 2480 qui
673 2380 901 2477 suspicentur
917 2380 1065 2472 vixisse,
1086 2397 1182 2481 post*
1266 2425 1268 2428 ·

123 2518 234 2593 quam
256 2490 454 2587 imperium
477 2490 692 2562 translatum
717 2487 787 2561 fuit
804 2489 1185 2591 Constantinopolim:

123 2604 233 2703 idque
250 2601 297 2675 ob
316 2600 424 2675 verba
441 2600 502 2674 illa
520 2600 583 2673 lib.
604 2600 716 2673 Vlll:
740 2598 923 2673 Groeciam
943 2605 1052 2674 etiam
1079 2628 1187 2697 nunc,

124 2730 159 2789 et
180 2704 317 2787 viribus
325 2768 339 2801 ,
368 2726 403 2784 et
428 2710 628 2808 dignitate,
659 2707 752 2781 orbis
777 2724 951 2782 terrarum
974 2711 1186 2812 principem.

125 2824 196 2896 Sed
214 2848 299 2895 nunc
318 2820 397 2894 istic
415 2846 490 2894 non
508 2820 626 2921 signat
643 2832 821 2917 tempus,·
833 2844 908 2918 quo
925 2819 1088 2896 Justinus
1102 2824 1190 2900 scti-

126 2931 204 3021 bit3
229 2932 293 3005 sed
312 2933 357 3004 de
377 2957 451 3032 quo
468 2930 604 3005 scribit.
629 2930 828 3029 Quomodo
848 2930 947 3004 idem
963 2933 1087 3031 paullo
1107 2950 1189 3034 post

129 3040 179 3112 ait
200 3071 208 3111 ε
228 3056 263 3113 et
273 3040 350 3115 lzoee
357 3046 579 3141 pottrsimum
577 3038 709 3141 facere
726 3038 940 3132 Tlrebarws',
953 3042 1189 3117 Laeedoemo-

129 3153 549 3249 niosque,anteainterse
560 3154 816 3253 imperitarum
826 3149 1191 3252 Groecioeimperantie

131 3259 280 3333 oemulos
302 3286 311 3331 .·
337 3260 400 3333 ubi
423 3288 508 3333 nunc
532 3260 659 3335 itidem
686 3261 805 3353 valet,
829 3259 895 3335 doc
919 3277 1071 3363 tempore
1094 3258 1193 3364 quod

130 3374 356 3472 exponimus.
377 3370 486 3467 Plane
503 3398 591 3447 vero
608 3371 737 3446 vixisse
753 3372 909 3444 arbitror
923 3372 990 3444 sub
1002 3370 1190 3444 Antonino

130 3480 223 3571 Pto,
242 3495 349 3581 atque
360 3480 445 3554 buic
461 3480 646 3579 epitomen
663 3508 765 3555 suam
776 3481 920 3555 dicasse.
939 3482 981 3553 ld
997 3480 1128 3581 colligo
1146 3506 1191 3553 ex

131 3590 251 3668 verbis
261 3589 337 3665 istis
354 3592 573 3692 praefationis
594 3622 603 3662 ε
624 3590 722 3694 quod
731 3589 786 3664 ad
796 3607 853 3681 te,
870 3596 1062 3691 imperator
1074 3592 1192 3663 Anto·

131 3707 238 3792 nine,
259 3728 331 3775 raon
343 3718 419 3777 tam
432 3701 687 3800 cognoscendi,
710 3729 821 3805 quam
831 3699 1049 3774 emendandi
1058 3726 1192 3775 carasca

133 3818 325 3889 trunsmisi.
345 3816 400 3886 lta
416 3815 516 3887 enim
537 3814 670 3887 babent
689 3813 865 3887 editiones
890 3812 1047 3910 antiquae
1056 3866 1070 3902 ,
1088 3838 1190 3911 quae,

133 3924 221 4023 quin
233 3924 337 3999 Mss.
351 3923 463 3998 fidem
475 3939 634 4026 sequutae
651 3924 788 3997 fuerint
797 3977 810 4014 ,
827 3921 946 3994 nullus
962 3920 1102 3993 dubito.
1122 3920 1193 3994 Sed

134 4032 309 4132 objiciunt
326 4034 365 4107 in
383 4034 532 4133 optimis
549 4032 649 4111 libris
664 4034 760 4135 legi:
779 4031 877 4133 quod
889 4029 945 4104 ad
958 4046 1010 4121 te,
1029 4056 1101 4103 non
1117 4045 1193 4103 tam

134 4144 369 4241 cogrwscendt‘
378 4202 392 4236 ,
412 4150 529 4243 magis
548 4168 658 4246 quam
671 4140 889 4217 enzeudaudi
903 4166 1058 4229 caussa,
1077 4155 1193 4212 trans·
