2967 4684
245 377 317 466 toa
672 378 887 450 anselm

126 565 128 575 ,
244 499 437 574 finitimam
455 497 659 586 invaderet,
680 497 858 574 subornat
880 522 1035 598 puerum
1060 501 1199 572 eximiae
1222 501 1306 600 pul·¹

245 611 481 700 claritudinis,
508 612 610 709 quasi
634 609 839 706 Ariarathes
869 623 961 700 tres,
984 636 1062 683 non
1086 611 1186 719 ‘duos
1212 611 1308 687 filios

244 721 443 819 genuisset,
461 721 525 819 qui
550 747 570 792 a
595 735 724 800 senatu
748 725 914 794 Romano
939 737 1132 820 paternum
1155 749 1308 822 Qum

216 845 392 932 rpeteret
408 836 569 904 Uxorem
584 857 732 930 quoque
748 831 931 906 Laodicen
949 838 1101 906 Romam
1117 839 1245 924 mittit,
1262 835 1309 908 ad

244 945 492 1016 testimonium
502 945 610 1017 trium
621 969 666 1016 ex
678 943 863 1016 Ariarathe
875 961 1126 1043 susceptorum
1136 943 1308 1019 filiorum.

215 1073 231 1127 ⁵
243 1056 352 1145 Quod
366 1055 431 1128 ubi
445 1054 671 1130 Mithridates
684 1058 877 1154 cognovit,
890 1070 926 1128 et
940 1056 1015 1156 ipse
1028 1058 1106 1155 pari
1118 1057 1309 1156 impuden-

164 1261 168 1268 ῃ
242 1169 292 1238 tia
313 1165 492 1241 Gordium
520 1173 673 1240 Romam
699 1169 831 1256 mittit,
850 1170 914 1266 qui
939 1170 1079 1240 senatui
1102 1167 1303 1259 adsereret,

242 1303 449 1378 «puerum,
468 1279 526 1351 cui
545 1277 783 1379 Cappadocia
801 1305 956 1378 regnum
973 1279 1187 1370 tradiderat,
1201 1305 1305 1354 exeo

174 1405 176 1410 “
241 1390 428 1464 Ariarathe
453 1391 635 1488 genitum,
659 1391 723 1488 qui
746 1389 844 1462 bello
870 1391 1064 1464 Aristonici
1085 1391 1216 1466 auxilia
1235 1397 1307 1464 Ro-

212 1503 360 1573 omanis
381 1500 502 1574 ferens
521 1500 749 1572 cecidisset.»
766 1501 837 1573 Sed
854 1517 1019 1590 senatus,
1039 1499 1160 1574 studio
1181 1527 1307 1601 regum

241 1612 447 1700 intellecto,
460 1610 576 1684 aliena
588 1635 700 1708 regna
710 1608 807 1683 falsis
818 1611 1031 1686 nominibus
1039 1610 1257 1701 furantium,
1271 1627 1309 1684 et

240 1723 441 1796 Mithridati
466 1719 754 1821 Cappadociam,
776 1735 814 1792 et
839 1721 1050 1810 Nicomedi,
1071 1721 1117 1794 ad
1140 1720 1307 1794 solatium

212 1835 334 1930 rejus,
351 1831 633 1932 Paphlagoniam
649 1831 793 1906 ademit.
809 1838 859 1905 Ac
878 1857 927 1905 ne
945 1833 1165 1908 contumelia
1180 1858 1306 1932 regum

239 1941 336 2016 foret
354 1943 540 2015 ademtum
561 1942 650 2032 illis,
674 1943 775 2042 quod
792 1944 940 2016 daretur
957 1945 1051 2035 aliis,
1067 1961 1223 2044 uterque
1241 1969 1307 2045 po·

210 2056 346 2155 sputus
372 2055 538 2129 libertate
560 2054 717 2128 donatus
740 2071 804 2128 est
824 2056 894 2128 Sed
914 2057 1149 2156 Cappadoces
1170 2081 1304 2131 munus

237 2165 413 2239 libertatis
426 2165 647 2256 abnuentes,
659 2181 823 2265 negant«
835 2169 954 2240 rivere
967 2184 1113 2266 gentem
1125 2171 1205 2241 sine
1218 2193 1303 2266 rege

237 2301 385 2376 posse.»
399 2282 517 2377 Atque
534 2280 584 2350 ita
598 2303 663 2351 rex
678 2278 748 2352 illis
763 2304 786 2352 a
800 2293 929 2352 senatu
943 2279 1204 2354 Ariobarzanes
1220 2305 1307 2353 con-

238 2405 408 2463 slttultul'.

211 2535 225 2571 ι
285 2505 348 2576 ῙΠ.
364 2507 450 2574 Erat
464 2527 508 2576 eo
525 2511 692 2602 tempore
704 2505 875 2602 Tigranes
885 2558 896 2590 ,
906 2529 972 2576 rex
986 2507 1184 2595 Armenia,
1197 2503 1305 2577 obses

238 2612 380 2686 Parthis
401 2629 485 2686 ante
505 2613 662 2686 multum
682 2617 858 2715 temporis
873 2615 994 2703 datrrs,
1008 2615 1071 2688 sed
1085 2615 1173 2687 olim
1186 2614 1233 2686 ab
1246 2613 1306 2684 iis·

238 2721 321 2796 dem
338 2727 377 2796 in
390 2751 544 2824 regnum
559 2741 753 2825 paternum
765 2729 946 2800 remissus.
956 2733 1065 2799 Hunc
1077 2724 1306 2798 Mithridates

237 2836 331 2907 inire
350 2835 396 2907 ad
415 2837 623 2908 societatem
640 2840 797 2909 Romani
815 2837 918 2921 betti,
931 2837 1033 2936 quod
1050 2837 1136 2909 olim
1155 2835 1305 2908 medita·

274 3083 300 3141 4.
318 3075 509 3130 tlaeorem.Vide
521 3095 600 3150 supra
608 3095 666 3150 cap.
683 3095 711 3144 r,
725 3084 751 3143 4.
793 3075 931 3132 Laodicea.
961 3078 1039 3132 Illam
1070 3075 1143 3130 enim
1171 3073 1306 3130 Laodicen

274 3157 301 3212 5.
308 3155 444 3207 Adsereret.
455 3153 523 3208 Dedi
532 3174 566 3208 ex
576 3154 750 3223 Med.‚Par.,
793 3175 876 3230 mom
895 3155 1051 3220 xxxvn,
1069 3177 1099 3219 r,
1117 3156 1150 3221 5,
1167 3173 1183 3207 a
1202 3156 1306 3226 popolo

237 3232 402 3300 Veu.,Ald.,
411 3234 510 3305 Bong,
520 3235 592 3301 cot,
601 3235 752 3308 postulante
793 3238 946 3289 exstinctam
958 3253 1013 3287 esse
1026 3234 1146 3286 retulerit
1157 3233 1226 3286 cim
1238 3232 1308 3287 illud

238 3313 365 3367 latinitate
385 3312 489 3376 Nostri,
506 3311 577 3385 apud
598 3331 677 3385 quem
698 3314 751 3366 im·
791 3327 908 3386 tempus,
920 3331 985 3384 ergo
997 3313 1067 3366 eirca
1079 3313 1110 3363 A.
1124 3311 1160 3364 U.
1174 3313 1243 3374 626.
1258 3311 1306 3364 hic

238 3391 348 3464 perfect
364 3392 435 3463 conj.
452 3391 527 3464 requi
544 3393 611 3446 solet
627 3411 751 3464 pratens.
791 3392 864 3446 uum
875 3391 988 3446 cuidem
1003 3389 1136 3448 laodicen
1146 3401 1210 3462 poet
1217 3390 1306 3444 mariti

239 3469 360 3526 Gravius
374 3482 466 3523 contra
482 3488 516 3524 ex
529 3469 607 3526 MSS.
622 3471 753 3543 Bonam
792 3483 905 3526 mortem
918 3467 1058 3524 Nicomedi
1070 3481 1182 3540 nuptam
1192 3471 1263 3541 (cap.
1275 3487 1305 3534 r,

238 3547 315 3604 dedit
332 3548 464 3612 adeunt,
480 3561 511 3602 ut
526 3549 621 3604 liberet
637 3551 751 3622 scripto·
793 3554 828 3622 4)
841 3551 922 3605 mittit
934 3551 1045 3604 Romam
1057 3567 1100 3602 an.
1115 3551 1176 3602 661.

237 3646 297 3682 rem
313 3645 392 3682 mum
409 3647 425 3682 a
445 3627 599 3701 posterioris
616 3629 751 3684 latinitatis
826 3650 852 3701 7.
866 3634 906 3683 Ne
922 3629 1063 3684 warnae&
1077 3647 1190 3698 nrm...
1206 3625 1307 3680 darent

238 3707 320 3772 titio,
333 3707 377 3760 cui
389 3707 500 3760 aum
509 3707 543 3762 rit
555 3705 703 3762 adfirmare.
715 3711 752 3764 At
791 3709 853 3762 atto.
866 3709 909 3762 Ne
921 3726 997 3780 reget
1010 3707 1134 3780 injuriam
1144 3706 1195 3760 sibi
1206 3705 1306 3758 illatam

238 3783 351 3856 qnodin
362 3785 455 3840 Tacito
464 3783 532 3854 (vid.
546 3784 603 3840 ind.
616 3787 752 3857 in'l'acit.)
791 3785 946 3853 crederem,
963 3787 985 3840 si
1002 3783 1130 3840 dueatur
1145 3783 1205 3837 aliis
1221 3800 1305 3854 regna

238 3861 358 3929 ierimus,
372 3863 444 3918 idern
456 3865 485 3919 iu
497 3865 602 3919 Iustino
615 3884 670 3919 non
682 3867 751 3920 fere·
792 3885 852 3938 qun
864 3865 916 3918 illis
928 3865 1031 3918 ademta
1044 3876 1127 3918 eram.
1142 3881 1189 3916 an.

238 3939 317 3993 mua?
326 3967 361 3982 —-·
373 3947 414 3994 Ee
426 3963 484 3997 w...
494 3943 627 3996 accidiam.
639 3945 752 4016 Respice
825 3945 851 3998 8.
862 3943 1136 3998 Geatoevertedm·
1146 3942 1238 4005 maon,
1248 3953 1304 3992 non

124 4037 127 4042 ’
238 4015 748 4094 XXXV11‚1,a;ergocircun.623.
790 4021 1241 4080 nemum-Annonariam.

237 4095 330 4150 artie
341 4097 480 4152 mite-to
491 4101 549 4172 ipre
566 4119 594 4155 te
609 4100 751 4156 contudit
824 4101 879 4154 111.
901 4121 925 4154 1.
943 4102 1045 4154 Multus
1062 4098 1179 4168 emporii.
1196 4090 1267 4147 Edd·
1284 4109 1302 4164 7

239 4173 356 4248 optimus
373 4186 480 4242 ructor,
497 4176 623 4251 deceptus
640 4180 750 4251 nomine
790 4178 872 4252 antiq.
883 4198 933 4232 uon
947 4178 1046 4232 mmm
1059 4189 1156 4246 mmm.
