2967 4684
319 413 702 487 HISTORIARUM
726 413 888 483 LIBER
912 411 1083 481 XXXII.
1163 407 1234 496 433

175 535 346 610 adversus
378 542 566 609 Bastarnas
596 533 690 605 male
718 549 958 632 pugnassent,
983 533 1029 604 ad
1058 532 1236 605 ultionem

176 648 351 745 segnitiae,
367 647 509 746 capturi
525 668 696 716 somnum
709 647 827 742 capita
842 644 925 717 loco
942 643 1076 744 pedum
1098 669 1236 743 ponere

172 760 275 856 jussu
291 758 385 856 regis
399 755 645 854 cogebantur,
660 755 932 852 ministeriaque
952 753 1143 844 uxoribus,
1157 780 1237 852 quae

176 869 263 968 ipsis
280 883 396 940 antea
422 866 501 936 fieri
528 864 713 952 solebant,
735 863 862 936 faeere.
890 869 1020 964 Neque
1049 866 1127 938 haec
1153 882 1238 938 ante
1253 893 1283 946 ¹7

176 995 313 1050 mutata
335 994 442 1066 sunt,
459 1003 567 1076 qnam
585 978 821 1075 ignominiam
843 975 940 1048 bello
962 992 1145 1076 acceptam
1165 979 1255 1048 vir-¹*

177 1104 253 1161 tute
272 1088 443 1160 delerent.

204 1205 282 1272 IV.
304 1203 418 1298 Igitur
440 1203 608 1286 Perseus,
633 1223 747 1297 quum
772 1199 927 1296 imperio
948 1196 1104 1296 Philippi
1129 1197 1283 1298 patris1'

178 1314 422 1397 successisset,
440 1335 569 1382 omnes
584 1309 650 1380 has
669 1323 794 1406 gentes
814 1306 986 1380 adversus
1000 1312 1183 1381 Romanos
1200 1311 1240 1379 in

179 1425 386 1494 societatem
399 1420 487 1494 belli
504 1419 715 1492 solicitabat.
728 1421 879 1492 Interim
892 1421 990 1492 inter
1008 1421 1169 1490 Prusiam
1185 1444 1269 1492 re·²

179 1559 275 1631 gem,
292 1534 338 1605 ad
357 1558 467 1632 quem
484 1530 668 1604 Hannibal
686 1545 769 1630 post
784 1555 911 1630 pacem
928 1529 1114 1603 Antiocho
1133 1555 1153 1602 a
1170 1535 1243 1603 Ilo·

179 1648 295 1717 manis
312 1646 432 1718 datam
452 1641 678 1744 profugerat,
694 1657 731 1714 et
747 1647 945 1712 Eumenem
964 1638 1100 1712 bellurn
1122 1655 1244 1713 ortum

180 1771 250 1845 est,
275 1755 376 1854 quod
401 1759 558 1843 Prusias,
577 1752 790 1825 Hannibalis
811 1751 944 1824 fiducia
961 1766 1072 1851 rupto
1090 1748 1244 1842 foedere,

179 1870 282 1967 prior
299 1867 430 1939 intulit.
449 1857 614 1964 Namque
630 1862 833 1954 Hannibal,
855 1888 969 1962 quum
990 1861 1036 1934 ab
1062 1864 1274 1937 antiochos

179 1980 354 2067 Romani,
369 1981 466 2049 inter
483 1992 628 2050 caeteras
641 1975 873 2047 conditiones
889 1977 1006 2074 pacis,
1023 1973 1245 2048 deditionem

180 2088 256 2184 ejus
275 2087 534 2187 deposcerent,
547 2083 755 2178 admonitus
769 2109 789 2154 a
806 2109 908 2181 rege,
926 2087 966 2154 in
986 2082 1106 2181 lugam
1120 2111 1246 2159 versus

179 2203 324 2269 Cretam
338 2195 510 2268 desertiu.
522 2194 579 2267 Ibi
594 2219 709 2291 quum
724 2194 789 2265 diu
805 2197 964 2291 quietam
977 2196 1087 2265 vitam
1102 2197 1246 2292 egisset,
1259 2210 1275 2266 t

180 2306 474 2402 invidiosumque
497 2329 536 2376 se
560 2318 711 2403 propter
732 2307 862 2374 nimias
883 2328 972 2402 opes
993 2302 1151 2394 videret,
1172 2329 1246 2375 am·

182 2413 320 2515 phoras
338 2412 489 2512 plumbo
506 2412 661 2510 repletas
673 2417 714 2484 in
732 2412 869 2512 templo
887 2416 1033 2503 Dianae,
1051 2417 1153 2512 quasi
1173 2413 1248 2488 for·

182 2543 281 2598 tunae
299 2549 371 2598 suae
390 2523 573 2624 praesidia,
592 2523 765 2624 deponit:
782 2541 890 2622 atque
910 2525 993 2597 ideo
1011 2525 1103 2598 nihil
1122 2527 1167 2600 de
1186 2528 1275 2598 illos

133 2679 138 2687 x
183 2635 322 2708 solicita
346 2637 509 2723 civitate,
531 2637 705 2732 quoniam
725 2635 825 2707 velut
846 2639 978 2735 pignus
996 2663 1084 2736 opes
1100 2639 1177 2735 ejus
1195 2653 1248 2714 te.-

183 2747 315 2837 nebat,
337 2745 383 2818 ad
409 2747 570 2818 Prusiam
595 2745 806 2834 contendit,
829 2771 918 2818 auro
944 2772 1011 2819 suo
1037 2749 1076 2819 in
1102 2752 1248 2838 statuis,

185 2884 274 2957 quas
288 2884 411 2931 secum
425 2856 612 2956 portabat,
625 2855 765 2947 infuso,
781 2881 828 2930 ne
843 2871 1046 2957 conspectae
1064 2885 1151 2960 opes
1168 2862 1248 2932 vitae

184 2984 373 3041 nocerent.
394 2972 488 3040 Dein
508 2995 621 3067 quum
644 2972 786 3041 Prusias
809 2971 970 3046 terrestri
990 2969 1085 3042 bello
1109 2971 1156 3044 ab
1176 2977 1278 3045 ΕΜ

183 3105 291 3152 mene
309 3083 426 3152 victus
447 3094 559 3162 esset,
576 3095 612 3152 et
634 3080 797 3179 praelium
814 3084 854 3150 in
872 3105 971 3152 mare
988 3081 1248 3172 transtulisset,

184 3189 369 3264 Hannibal
380 3214 479 3261 novo
492 3205 701 3262 commento
712 3205 840 3262 auctor
849 3192 1007 3263 victoriae
1017 3189 1095 3264 luit
1105 3195 1248 3294 Quippe

185 3328 296 3375 omne
322 3305 545 3401 serpentium
572 3327 686 3399 genus
715 3304 755 3373 in
788 3300 916 3375 fictiles
945 3301 1088 3401 lagenas
1116 3304 1275 3399 conjici'

182 3456 275 3560 ,aaa
290 3489 352 3542 Non
365 3485 503 3542 numere.
515 3489 545 3542 in
557 3486 696 3559 Anapum
737 3491 778 3542 ne
795 3488 897 3560 unp,
915 3486 971 3545 vn.
993 3489 1040 3542 ns.
1060 3485 1197 3543 xxxin.
1214 3521 1249 3532 .-

184 3568 291 3620 militari
297 3563 697 3638 animadversiones,plusigno·
737 3568 816 3620 Anno
829 3567 909 3620 Urbis
923 3567 982 3638 576.

185 3645 273 3698 miniae
281 3645 698 3718 quamcrnciatushabentes,est
774 3665 799 3698 α.
827 3646 981 3715 Profugerat.
1015 3644 1113 3699 Confer
1142 3647 1248 3701 Cornel.

185 3725 323 3778 observare
334 3720 406 3796 apud
416 3722 495 3776 Diod.
506 3724 558 3778 stc.
568 3723 640 3786 Xll,
652 3727 696 3786 ιδ,
738 3721 852 3789 XXIII,
863 3741 937 3791 9·ro.
954 3726 1102 3775 -Prusiae
1120 3724 1252 3798 Bithynius

184 3803 319 3856 Plutarch.
342 3803 372 3855 in
400 3803 540 3873 Agesilao,
563 3803 614 3866 51;
637 3801 696 3852 Liv.
737 3807 1024 3872 regem-Eumenem.
1033 3802 1152 3873 Pergami
1160 3823 1250 3877 regem

186 3881 313 3946 XXVII,
325 3883 371 3945 15,
381 3883 411 3944 83
421 3880 543 3934 Tacitum
554 3879 697 3943 x111,36‚
740 3879 883 3948 (XXVII,
896 3879 926 3945 3,
942 3883 981 3948 ι),
995 3879 1072 3932 Conl.
1086 3881 1142 3934 ind.
1156 3883 1185 3935 in
1196 3889 1250 3937 Bu·

186 3959 298 4022 5;Suet.
310 3960 338 4012 in
347 3962 457 4030 August.
468 3966 516 4024 24;
526 3959 615 4012 Valer.
625 3959 697 4010 Max.
738 3977 817 4009 menes
831 3955 902 4012 unde
917 3955 1006 4023 vides,
1019 3957 1091 4012 hunc
1105 3960 1250 4014 Eumenem

187 4040 234 4104 11,
252 4060 285 4109 7,
304 4052 361 4107 pet
385 4039 416 4092 15
435 4056 442 4091 :
461 4056 520 4110 quia
539 4037 598 4090 loca
617 4033 698 4100 debes
738 4037 918 4096 Romanorum
943 4034 1021 4090 fune
1046 4038 1146 4090 socium
1173 4054 1251 4112 etque

187 4117 415 4170 Berneoeero.1rn.
739 4112 861 4165 amicum.
872 4112 950 4182 Copl.
964 4113 1022 4168 Liv.
1036 4113 1190 4185 XXXVII,
1203 4119 1250 4191 395

223 4193 274 4247 IV.
285 4213 308 4249 1.
317 4198 403 4266 Igitur.
412 4193 595 4268 Ilespicitcap.
605 4193 630 4259 3,
642 4192 697 4257 45.
740 4190 821 4258 XLI,
836 4191 878 4256 43.
890 4221 925 4233 -
937 4193 1016 4246 Anno
1029 4193 1110 4252 Urbis
1123 4199 1182 4251 ⁵62.

927 4293 1081 4391 ‘28
