2967 4684
231 398 304 485 324
652 396 864 468 JUSTINI

228 521 316 593 belli
336 524 586 593 necessitatem
607 534 771 609 excusat3
796 548 813 585 c<
834 528 1121 616 contentumque
1139 519 1292 591 victoria

229 656 313 720 sua,
334 633 470 731 punitis
492 628 700 702 auctoribus
724 630 940 701 miserorum
959 630 1110 719 civium,
1127 631 1292 727 inju1i0si

184 766 218 821 ¹7
230 744 342 816 exsilii
366 741 537 815 omnibus
554 758 595 815 'se
616 742 761 812 veniam
779 740 864 813 dare
875 772 893 807 ι)
910 740 1007 812 dicit.
1025 743 1142 837 Atque
1163 742 1213 811 ita
1230 740 1292 813 de·

231 880 310 927 cem
329 852 559 926 senatoribus
579 849 797 942 interfectis,
816 850 945 924 urbem
963 850 1103 949 legibus
1121 854 1194 924 suis
1209 851 1291 924 red-

185 969 218 1023 ¹⁸
230 965 330 1038 didit.
348 969 425 1039 Nec
442 966 558 1037 multo
576 978 659 1061 post
680 965 757 1063 ipse
775 960 943 1035 adsectati
960 964 1063 1059 regni
1085 974 1290 1048 accusatus,

229 1073 404 1173 duplicis,
428 1090 465 1146 et
490 1079 529 1145 in
559 1072 635 1145 filio
664 1088 700 1145 et
727 1074 767 1144 in
794 1076 929 1172 patria,
954 1072 1136 1172 pmieidii
1163 1098 1291 1171 poenas

183 1209 216 1261 19
229 1183 336 1256 dedit„
349 1187 441 1256 Huic
455 1190 563 1282 Mago
579 1186 775 1282 imperator
792 1186 981 1274 successit,
995 1185 1098 1281 cujus
1113 1184 1291 1256 industria

226 1308 263 1365 et
277 1319 364 1393 opes
378 1294 748 1393 Carthaginiensium,
766 1310 802 1367 et
821 1294 963 1395 imperii
979 1292 1088 1384 fines,
1102 1308 1139 1367 et
1153 1294 1289 1367 hellicae

224 1403 346 1502 glo1iae
363 1406 507 1495 laudes,
524 1420 726 1477 creverunt.

223 1599 276 1633 mm
288 1583 379 1631 civim.
394 1581 463 1633 Sunt
481 1579 536 1643 illi,
553 1579 600 1649 qui
617 1597 663 1631 sua
676 1596 737 1631 sen-
780 1577 854 1649 quod
876 1577 972 1633 vitium
993 1590 1083 1631 ortum
1098 1588 1139 1630 est
1156 1596 1190 1631 ex
1209 1578 1291 1634 altem

222 1659 306 1711 tentia
319 1658 390 1709 cives
403 1676 464 1709 suos
475 1654 736 1710 reddiderantmine·
778 1667 918 1708 contemnem
939 1674 989 1729 pro
1008 1660 1169 1728 commum),
1190 1659 1291 1729 punitis

222 1754 284 1799 ros,
296 1748 328 1787 ut
346 1752 401 1785 non
421 1734 469 1797 sit,
482 1751 530 1785 cur
549 1751 610 1785 cum
627 1732 736 1787 voratio
777 1734 943 1801 auctoribus,
963 1737 1071 1787 mi'sertus
1088 1735 1203 1801 civium,
1217 1736 1290 1809 inju-

223 1814 340 1883 conigas
360 1814 460 1861 misen'oe
478 1810 595 1877 civium,
613 1824 658 1863 aut
674 1828 736 1863 cum
776 1812 840 1865 n'osi
850 1812 935 1866 exsilii
944 1813 1048 1867 veniam
1058 1812 1181 1867 omnihus
1192 1813 1272 1869 daho.

223 1891 311 1945 Fabio
323 1892 469 1941 miseriarum
482 1890 590 1941 chilim.
606 1891 704 1943 Contra
714 1890 736 1943 si
813 1894 854 1945 18.
865 1899 895 1943 ln
901 1895 995 1964 petriz,
1003 1892 1139 1965 panicidii.
1145 1893 1289 1958 Quomodo

224 1969 290 2042 quid
299 1967 456 2021 mutandum
463 1980 596 2034 ommuni
602 1988 663 2022 cum
670 1970 736 2041 Pey·
775 1969 804 2022 in
818 1969 901 2041 patria
915 1970 966 2023 fuit
978 1969 1124 2041 panicida,
1137 1988 1220 2043 quum
1233 1992 1288 2027 non

223 2046 319 2103 medo
334 2058 362 2099 et
381 2048 416 2099 In.
435 2047 530 2100 Vouio
548 2052 667 2100 miserum
684 2066 735 2119 pro
775 2048 827 2101 nisi
846 2060 934 2101 sontes
952 2062 1084 2102 senatores
1101 2048 1193 2102 decem
1208 2049 1288 2123 puni.
1330 2046 1333 2051 '

224 2132 360 2181 »niumm
374 2144 384 2178 .·
398 2138 537 2179 contentus
554 2128 663 2181 victoria
676 2144 735 2180 men
775 2127 861 2192 verit,
879 2144 894 2179 a
916 2126 1012 2198 quibus
1032 2126 1088 2201 ipse
1112 2146 1173 2181 cum
1193 2147 1288 2201 magun

222 2208 401 2278 (sicprimum
412 2203 606 2259 conexitidem
615 2207 736 2279 illePey·
776 2206 905 2260 exercitus
925 2218 1000 2278 parte
1019 2206 1118 2281 injuria
1136 2208 1288 2281 gravissim

223 2282 333 2342 medus
357 2301 409 2359 pm
438 2285 594 2341 victoriam»
615 2304 728 2354 suman,
776 2284 1011 2343 fumtndfeetmi'
1168 2282 1175 2297 '
