2967 4684
243 372 287 439 68
488 368 701 435 PROLOGI
721 368 1068 437 HISTORIARUM

241 488 339 571 vicit,
355 487 427 575 rapi
443 486 474 551 ei
490 506 652 574 poeamare
674 484 857 574 Agatooleae
881 500 1058 575 corruptus
1079 484 1235 569 decessit,
1253 508 1307 553 re-

240 590 319 654 licto
341 588 410 654 filio
432 587 586 677 pupillo:
603 588 638 651 in
660 608 759 677 quem
784 610 862 651 cum
884 586 1039 679 Philippo
1059 610 1137 677 roge
1152 588 1308 657 Macedo-

213 715 321 757 snum
344 690 509 756 consensit
531 690 721 754 Antiochus.
738 688 888 777 Philippi
908 686 1029 755 deinde
1049 705 1139 780 gesta
1160 690 1196 755 in
1215 692 1309 777 Asia,

240 818 346 883 quum
363 793 516 858 movisset
527 790 638 856 AEtols
654 791 752 857 bella.
769 792 797 856 A
812 790 933 878 quibus
947 812 1095 857 reversus
1111 791 1237 857 bellum
1253 792 1310 857 ha·

238 897 316 962 buit
330 918 407 962 cum
419 893 559 961 ducibus
570 894 725 959 Romanis
737 892 885 983 Sulpicio
897 908 930 958 et
941 894 1144 977 Flaminino,
1155 917 1175 958 a
1187 894 1308 983 quibus

211 1000 365 1082 erictus,
384 1022 457 1089 pax.
479 998 648 1063 Transitus
673 994 795 1063 deinde
817 994 858 1061 ad
881 1019 933 1062 res
954 996 1128 1079 Antiochi,
1144 998 1218 1085 qui,
1234 1013 1309 1088 post

240 1123 380 1190 regnum
396 1117 584 1190 acceptum,
599 1115 820 1191 persequutus
833 1098 1016 1167 defectores
1030 1102 1064 1165 in
1078 1099 1190 1166 Media
1203 1101 1309 1167 Molo-

239 1226 338 1286 nem,
350 1204 386 1267 in
395 1204 469 1268 Asia
482 1203 657 1287 Achaeum,
671 1224 771 1291 quem
785 1201 914 1269 obsedit
927 1202 1107 1268 Sardibus:
1124 1218 1237 1293 pacata
1252 1226 1307 1267 su-

227 1342 231 1353 .
238 1307 370 1395 periore
382 1307 458 1371 Asia
472 1307 596 1371 Bactris
611 1322 728 1390 teum,
740 1306 775 1370 in
792 1306 938 1370 Romana
953 1303 1041 1369 bella
1056 1302 1234 1371 descendit.
1344 1340 1352 1357 ι

489 1463 744 1521 PROLOGUS
765 1460 898 1521 LIBRI
918 1462 1055 1521 XXXI.

211 1624 224 1659 1
282 1597 357 1661 Uno
379 1613 413 1661 et
440 1597 608 1661 tricesimo
636 1596 807 1661 volumine
837 1596 1027 1659 continetur
1050 1592 1195 1677 bellurn,
1218 1592 1311 1683 quod

238 1720 316 1763 cum
331 1697 580 1763 hcedaemonio
596 1695 725 1762 Nabide
741 1698 838 1761 Titus
859 1695 1063 1761 Flamininus
1085 1713 1119 1762 et
1142 1696 1308 1787 Philopoe-

209 1826 225 1859 ι
238 1820 334 1881 rnen,
356 1798 426 1863 dux
447 1800 662 1881 Achaeorum,
682 1800 791 1888 gessit.
822 1798 906 1865 Item
935 1799 1084 1881 bellurn,
1111 1798 1202 1887 quod
1231 1822 1308 1864 cum

237 1902 404 1965 Antiocho
421 1903 456 1965 in
472 1901 593 1986 Achaia
609 1924 669 1991 per
684 1902 829 1966 Acilium
848 1901 1036 1983 consulem,
1049 1918 1083 1968 et
1104 1902 1140 1965 in
1158 1903 1233 1967 Asia
1247 1925 1308 1993 per

209 2004 427 2093 tscipionem
452 2020 580 2095 gestum
608 2019 667 2069 est.
690 2003 844 2091 Denique
869 2002 1061 2068 Hannibalis
1085 2002 1128 2067 ad
1152 2026 1263 2095 regem
1289 2028 1307 2069 a

208 2107 434 2195 acarthagine
447 2107 534 2196 iuga
552 2104 680 2170 Bellum
700 2127 779 2169 cum
795 2102 913 2169 AEtolis
937 2120 1066 2195 gestum
1081 2127 1142 2195 per
1157 2104 1300 2171 eundem

236 2209 395 2295 Acilium,
408 2211 466 2299 qui
482 2209 684 2275 Antiochum
700 2208 827 2273 Graecia
842 2208 1023 2299 expulerat.

478 2363 734 2422 PROLOGUS
755 2363 887 2420 LIBRI
906 2363 1061 2421 xxxtt.

209 2529 220 2559 ι
280 2493 434 2560 Sectmdo
456 2511 490 2559 et
511 2496 679 2559 tricesimo
700 2496 872 2561 volumine
893 2497 1107 2562 continentur
1125 2498 1195 2563 hec
1213 2520 1221 2562 ε
1240 2497 1307 2563 De·

236 2597 336 2661 lectio
358 2596 400 2660 ab
423 2595 549 2661 Achaeis
571 2595 895 2663 lacedemoniorum
916 2613 951 2663 et
969 2598 1224 2683 Messeniorum,
1241 2623 1306 2689 qua

210 2698 465 2786 2Pbilopoemen
489 2699 624 2764 interiit.
647 2700 874 2765 Romanorum
895 2700 931 2765 in
952 2702 1041 2785 Asia,
1057 2701 1143 2769 duce
1163 2704 1305 2786 Manlio,

210 2797 412 2873 aadversum
434 2800 545 2863 Gallos
566 2799 706 2866 bellum.
729 2802 826 2890 Regis
848 2800 1011 2893 Philippi,
1028 2822 1164 2896 propter
1184 2806 1306 2871 ablatas

238 2900 304 2963 sibi
315 2900 475 2983 civitates,
488 2901 649 2967 alienatus
659 2904 694 2967 in
706 2904 871 2971 Romanos
883 2906 1026 2991 animus,
1040 2925 1072 2973 et
1085 2908 1129 2973 ob
1142 2909 1208 2975 hoc
1223 2910 1305 2975 alter

238 3000 384 3068 filiorum
401 3006 586 3071 Demetrius
606 3008 757 3073 occisus:
775 3010 995 3100 concitatique
1010 3010 1052 3075 ab
1068 3034 1110 3076 eo
1125 3013 1303 3095 Bastarnae,

210 3132 226 3189 ,ς
239 3107 376 3171 transire
385 3108 495 3171 conati
505 3110 541 3172 in
553 3108 690 3175 Italiam.
701 3110 783 3177 lnde
794 3114 829 3176 in
841 3134 974 3178 excessu
984 3112 1079 3179 dictae
1089 3138 1141 3181 res
1150 3114 1304 3205 Illyricae:

237 3224 275 3271 ut
296 3208 403 3294 Galli,
421 3212 481 3298 qui
501 3230 700 3302 occuparant
722 3214 913 3304 Illyricum,
936 3240 1048 3283 rursus
1074 3216 1245 3283 redientnt
1269 3218 1304 3283 iu

237 3390 279 3426 ts.
297 3374 333 3426 Is.
348 3375 461 3429 Vossius
478 3388 566 3429 autem
583 3378 638 3431 htec
657 3382 748 3435 eruit:
825 3382 1154 3455 3.Ac1=oeum.compt.in
1164 3386 1303 3437 naccam

233 3456 343 3525 turps'que
361 3466 450 3525 postea
478 3474 559 3507 amore
584 3458 748 3527 Agathoclea.
788 3460 901 3514 restituit
914 3481 947 3514 ex
964 3458 1070 3515 duobus
1087 3461 1223 3515 codicibus
1234 3464 1303 3517 Gro-

233 3529 749 3606 longer-umdeniqueitahunclocum
788 3538 894 3592 novius.
908 3539 984 3591 Idem
1001 3543 1052 3613 jam
1066 3540 1263 3595 Freinshemius
1275 3554 1303 3595 et

234 3606 298 3659 Islsa
313 3607 485 3664 distinctione
501 3613 640 3666 maniteste
656 3613 749 3687 depra-
788 3617 967 3688 Longernreus
978 3618 1147 3672 restituerant
1159 3638 1193 3673 ex
1206 3620 1300 3695 Polyb.

235 3698 325 3738 vatum
332 3690 468 3743 restituere
476 3700 749 3767 conaturmpirurqroe
788 3708 904 3767 excerpt.
921 3694 1009 3761 VIII,
1024 3698 1115 3750 ιι-ιῦ.

235 3764 282 3833 pisi
292 3771 414 3834 punitus
427 3770 583 3839 Agathoclea
598 3790 679 3822 amore
691 3794 747 3825 cor-
823 3770 942 3826 xxxn.
957 3794 982 3827 s.
993 3778 1060 3827 Duce
1070 3776 1173 3829 Manlio.
1187 3778 1231 3831 sic
1241 3790 1302 3851 post

234 3848 459 3898 tumescente...
788 3850 872 3923 Bong.
886 3872 988 3907 cortex.
1003 3856 1197 3927 Longos-neus,
1211 3860 1300 3929 recep.

236 3996 243 4009 ι
272 3940 298 3972 a.
311 3924 668 3999 VtcmfflsmAbmptebaec
676 3928 747 3985 dicta
788 3930 857 3983 uod.
876 3945 903 3984 et
921 3933 1042 3989 Gronov.
1062 3934 1154 4006 Vulgo
1177 3946 1303 4007 compte

234 4010 273 4050 ita
290 3996 360 4063 fere,
370 4011 401 4050 nt
410 4001 519 4071 opinor,
533 4010 609 4057 erent
616 4003 728 4061 dicenda
739 4028 747 4063 ε
787 4008 885 4081 legitur
892 4029 923 4064 ex
932 4032 1012 4083 prava
1022 4012 1206 4067 distinctione:
1217 4014 1304 4067 ducent

232 4076 345 4169 apuleus
354 4081 482 4149 steropas
492 4081 544 4151 fit,·
563 4084 606 4137 vel
624 4106 642 4137 s
661 4087 748 4163 quibus
788 4088 867 4141 ambo.
882 4090 961 4144 Conl.
982 4092 1042 4151 Liv.
1057 4090 1229 4161 XXXVIII,
1251 4112 1281 4147 ra
1292 4112 1302 4159 ι

232 4160 505 4228 tuetuspsoenpstitst
515 4163 629 4233 inpetrat.
789 4166 860 4225 nor.
876 4167 921 4238 11,
936 4188 960 4223 s.
