2967 4684
245 371 315 448 boo
513 395 514 402 ’
645 386 656 446 .’
670 379 688 446 J
697 377 882 451 USTINI

242 498 329 569 tutis
344 499 441 586 viro,
453 494 600 596 reliquit
612 497 825 596 imperium,
841 493 923 596 pius
938 497 1038 595 regio
1045 535 1060 586 ‚·
1070 521 1179 595 quam
1195 489 1320 597 patrio

243 607 368 685 deberi
387 611 530 681 nomini
547 622 668 699 ratus;
689 611 886 708 potiusque
903 610 1044 709 patriae,
1062 633 1172 705 quam
1188 607 1313 682 liberis

223 786 226 792 ,
242 718 519 800 consulendum«.

131 835 135 841 “
213 852 226 888 1
289 834 346 902 Vl.
361 828 497 902 Eodem
517 828 630 906 ferme
644 844 827 929 tempore,
840 832 946 903 sicuti
958 835 998 902 in
1015 829 1158 903 Parthis
1169 829 1312 904 Mithri·

240 939 360 1029 dates,
378 940 428 1011 ita
451 943 490 1011 in
513 942 648 1012 Bactris
669 941 896 1029 Eucraddes,
913 941 1036 1038 magni
1052 956 1208 1038 uterque
1222 943 1317 1030 viri,

210 1077 224 1112 ³
239 1077 352 1150 regna
365 1053 506 1123 ineunt.
518 1048 588 1124 sed
603 1047 820 1124 Parthorum
833 1048 983 1124 fortuna
996 1049 1136 1122 felicior
1149 1050 1195 1122 ad
1209 1076 1309 1124 sum·

209 1171 356 1250 3mum,
369 1160 442 1235 hoc
459 1161 573 1250 duce,
588 1161 730 1260 imperii
747 1159 929 1259 fastigium
947 1185 1009 1233 eos
1026 1162 1206 1259 perduxit.
1218 1168 1309 1236 Bac·

237 1276 346 1345 triani
362 1287 483 1347 autem
501 1298 567 1372 per
582 1274 679 1344 varia
694 1269 789 1344 bella
804 1273 944 1369 jactati,
960 1297 1038 1343 non
1056 1279 1211 1370 regnum
1228 1289 1308 1346 tan-

180 1403 185 1414 ·
236 1399 336 1475 tum,
356 1410 483 1458 verum
510 1386 618 1456 etiam
644 1381 847 1456 libertatem
864 1383 1074 1462 amiserunt
1094 1408 1103 1452 :
1126 1384 1305 1481 siquidem

236 1496 500 1595 Sogdianorum
530 1509 566 1566 et
596 1497 890 1592 Drangianorum
921 1490 1172 1589 Indorumque
1200 1491 1305 1566 hellis

234 1601 389 1703 fatigati,
400 1603 446 1676 ad
458 1619 682 1704 postremum
694 1602 740 1674 ab
753 1601 1028 1702 invalidioribus
1039 1601 1195 1693 Parthis,
1205 1604 1306 1678 velut

207 1723 453 1812 tersangues,
480 1716 642 1813 oppressi
671 1730 766 1786 sunt.
795 1714 920 1786 Multa.
941 1719 1063 1787 tamen
1092 1714 1303 1789 Eucratides

234 1823 328 1898 helia
344 1849 475 1922 magna
487 1825 620 1896 virtute
634 1827 762 1922 gessit:
777 1824 911 1923 quibus
927 1829 1087 1914 attritus,
1103 1851 1217 1924 quum
1234 1826 1301 1900 oh·

235 1933 414 2007 sidionem
438 1935 632 2024 Demetrii,
652 1936 748 2034 regis
771 1934 969 2026 Indorum,
990 1951 1192 2036 pateretur,
1216 1961 1301 2008 erun

234 2071 298 2118 occ
321 2042 514 2134 militibus,
535 2045 712 2118 rxmillia
733 2046 893 2119 hostium
917 2047 1075 2120 adsiduis
1100 2049 1302 2148 emptioni·

233 2155 303 2230 hus
317 2159 412 2230 vicit.
432 2159 570 2247 Quinto
587 2161 709 2257 itaque
731 2183 858 2232 mense
880 2157 1074 2244 liberatus,
1096 2157 1237 2230 Indiam
1259 2160 1302 2230 in

205 2279 449 2367 ⁵=potestatem
470 2266 616 2367 redegit.
639 2268 748 2343 Unde
766 2294 879 2368 quum
897 2295 935 2342 se
953 2269 1185 2368 reciperet,a
1202 2267 1300 2358 filio,

234 2403 343 2476 quem
353 2381 491 2452 socium
502 2382 606 2478 regni
618 2378 818 2470 fecerat,in
827 2382 958 2454 itinere
969 2377 1207 2450 interficitur:
1222 2382 1299 2476 qui,

234 2515 313 2564 non
326 2490 547 2564 dissimulato
560 2490 877 2590 parricidio,velut
890 2488 1051 2579 hostem,
1063 2514 1141 2560 non
1159 2503 1301 2589 patrem

234 2596 493 2690 interfecisset,
516 2613 552 2673 et
574 2625 641 2700 per
663 2604 877 2699 sanguinem
895 2601 971 2696 ejus
989 2623 1137 2670 emrum
1155 2601 1300 2696 egit,et

204 2723 369 2810 tcorpus
387 2709 494 2807 abjici
512 2709 735 2808 insepultum
751 2711 866 2807 jussit.
887 2714 984 2782 Dum
1002 2708 1079 2779 haec
1098 2706 1195 2806 apud
1211 2711 1298 2778 Bao-

234 2835 310 2892 tros
323 2835 519 2917 geruntur,
534 2821 681 2892 interim
695 2821 792 2892 inter
806 2818 958 2891 Parthos
972 2834 1010 2890 et
1022 2816 1150 2889 Medos
1161 2815 1298 2887 bellum

174 2977 178 2992 ·
234 2933 359 3001 oritur.
379 2934 507 3020 Quum·
518 2931 642 3001 varius
661 2931 851 3027 utriusque
871 2929 999 3028 popuii
1024 2952 1127 3001 casus
1152 2925 1298 3014 fuisset,

203 3061 220 3115 7
234 3038 279 3110 ad
297 3052 521 3138 postremum
535 3040 686 3110 victoria
700 3064 812 3138 penes
823 3038 976 3111 Parthos
989 3035 1067 3110 fuit.
1081 3041 1146 3110 His
1158 3035 1298 3110 viribus

234 3163 360 3223 aucms
375 3148 620 3239 Mithridates,
634 3149 762 3222 Mediae
779 3152 929 3228 Bacasin
944 3153 1145 3249 praeponit3
1161 3151 1239 3248 ipse
1255 3151 1296 3220 in

204 3262 452 3358 attyrcantam
470 3258 720 3359 proficiscitur.
740 3261 849 3333 Unde
866 3285 1031 3332 reversus
1051 3259 1187 3331 bellum
1211 3283 1296 3330 cum

231 3370 472 3470 Elymaeorum
485 3395 570 3469 rege
583 3374 710 3469 gessit:
724 3397 799 3470 quo
813 3373 926 3453 victo,
936 3369 1034 3442 hanc
1049 3394 1196 3468 quoque
1209 3393 1296 3467 gen·

270 3551 310 3588 ro.
325 3533 383 3585 Plu:
399 3534 480 3610 regio,
496 3551 566 3605 quom
571 3536 655 3605 patrio
663 3531 745 3585 deberi
784 3532 831 3606 qui
843 3531 938 3586 eodem
951 3531 1002 3584 hos
1016 3531 1124 3585 nomine
1137 3543 1228 3599 voert,
1240 3551 1296 3604 quo

232 3614 324 3663 nomini
339 3621 412 3663 murs.
427 3611 509 3666 Tacit
530 3609 558 3676 1,
571 3617 617 3678 42,
635 3629 647 3664 r
664 3616 743 3666 :Non
783 3611 906 3665 hocloco
919 3629 964 3664 eoa
974 3610 1100 3665 exhibent
1110 3607 1172 3664 edd.
1182 3612 1255 3666 Juut
1268 3625 1295 3664 et

232 3691 290 3742 mitt
305 3708 368 3741 uror
380 3688 500 3760 eratfilius
506 3699 577 3761 pom
587 3699 613 3740 et
623 3688 743 3761 republica
783 3688 860 3755 Ate,
871 3707 955 3764 quum
964 3687 993 3741 in
1003 3689 1102 3742 ceteris
1113 3690 1166 3742 aiut
1177 3693 1294 3758 Dranga-

233 3771 409 3822 wriomsuot.
422 3768 543 3820 -A.U.
559 3768 683 3838 580·617.
783 3770 871 3832 titani,
891 3769 1079 3837 Dmnganitani.
1097 3797 1132 3807 —
1151 3768 1190 3818 Ab
1208 3766 1294 3818 invali-

267 3841 317 3895 Ἡ.
332 3863 354 3896 ι.
366 3847 468 3897 Brevis.
481 3843 592 3918 Respice
603 3862 659 3918 cup.
673 3852 705 3912 4,
716 3843 740 3898 5.
783 3845 890 3897 dioribus
900 3846 1003 3898 rantis.
1019 3845 1105 3897 Possis
1115 3857 1203 3908 tamen
1215 3842 1293 3897 etium

231 3935 265 3962 -i-
274 3921 354 3973 Anno
366 3923 447 3974 Urbis
460 3922 519 3994 573.
782 3923 914 3994 explicare
923 3942 936 3975 a
945 3922 1293 3994 Parthis‚quiinralueraut‚

254 3997 289 4050 ·3.
318 3997 500 4068 Sogdianam.
527 3999 598 4053 Vide
623 3998 680 4051 ind.
706 4029 741 4041 -
781 4002 984 4066 convaluerant,
995 3999 1077 4054 validi
1090 4001 1150 4053 neri
1162 4000 1274 4053 fuerant.

229 4079 432 4150 sturgionem.
451 4077 527 4142 Quos
542 4075 622 4131 Diod.
640 4076 739 4146 xvtl,
815 4079 840 4132 5.
865 4085 912 4130 Per
925 4081 1093 4148 sanguinem...
1115 4081 1171 4148 egit.
1186 4077 1292 4145 ⁴Certior

229 4153 738 4223 78,atihlexmdrorefertauhactos,
779 4155 1145 4228 Ltv.t,48;t·“tor.1„7,3.
1181 4228 1188 4247 x
