2967 4684
222 318 271 391 se
621 290 859 389 'susrmt

194 460 294 516 stur.
313 444 433 515 ¹Natus
457 438 578 514 infans
602 439 709 516 datur
733 437 956 515 occidendus
980 444 1172 539 Harpago,
1192 438 1287 536 regis

194 558 339 654 ramico
356 568 393 626 et
411 577 627 625 arcanorum
641 554 817 653 participi.
836 558 871 624 Is
884 552 1035 639 verinis,
1053 551 1082 623 si
1101 546 1147 621 ad
1160 546 1288 636 filiam,

221 680 369 738 mortuo
379 664 956 764 rege,venissetimperiu1n,quia
968 660 1109 757 nullum
1119 662 1288 757 Astyages

221 776 333 848 virilis
344 800 450 849 sexus
463 790 653 873 genuerat,
665 800 714 847 ue
727 772 786 847 illa
800 777 919 847 necati
932 770 1080 845 infantis
1093 770 1288 855 ultionem,

221 910 333 985 quam
350 910 372 956 a
387 901 488 986 patre
501 912 581 957 non
594 888 788 986 potuisset,
802 910 825 957 a
837 886 1004 959 ministro
1018 884 1194 979 exigeret,
1207 904 1288 979 pas-

193 999 295 1069 etori
318 999 406 1096 regii
422 999 563 1097 pecoris
587 1022 742 1097 puerum
761 995 1020 1097 exponendum
1040 992 1158 1065 tradit.
1181 996 1288 1062 Forte

194 1106 352 1187 neodem
374 1123 535 1209 tempore
553 1122 591 1180 et
607 1110 676 1207 ipsi
694 1110 830 1208 pastori
850 1106 945 1179 filius
965 1120 1071 1177 natus
1095 1116 1181 1175 erat.
1202 1102 1288 1197 Ejus

222 1219 331 1316 igitur
347 1244 460 1309 uxor,
476 1220 597 1291 audita
613 1222 701 1319 regii
714 1217 864 1291 infantis
881 1217 1122 1317 expositione,
1138 1212 1288 1284 summis

222 1327 393 1425 precibus
418 1346 536 1427 rogat,
557 1328 664 1400 «Sibi
690 1326 823 1401 adferri
847 1330 1063 1425 ostendique
1088 1346 1288 1423 puerum.»

179 1440 333 1534 10Cujus
353 1440 523 1536 precibus
541 1437 707 1535 fatigatus
730 1454 873 1537 pastor,
897 1462 1062 1509 reversus
1085 1438 1124 1507 in
1147 1434 1289 1523 silvam,

222 1549 364 1618 invenit
372 1548 474 1642 juxta
484 1546 662 1618 infantem
674 1573 803 1619 canem
814 1546 1002 1637 feminam,
1013 1546 1164 1647 parvulo
1175 1544 1289 1616 ubera

180 1693 209 1729 ιι
224 1656 468 1752 praebentem,
484 1672 521 1729 et
540 1681 561 1726 a
583 1655 667 1728 feris
684 1656 902 1756 alitibusque
924 1656 1191 1730 defendentem.
1208 1661 1287 1728 Μο-

225 1780 283 1836 tus
301 1780 338 1836 et
351 1768 428 1863 ipse
444 1765 708 1854 misericordia,
725 1792 798 1865 qua
814 1782 950 1840 motam
966 1770 1073 1840 etiam
1090 1791 1217 1840 canem
1230 1769 1289 1837 vi-

225 1875 344 1962 derat,
365 1902 520 1975 puerum
543 1875 660 1949 defert
677 1876 724 1949 ad
745 1877 905 1963 stabula,
931 1879 1056 1951 eadem
1075 1903 1164 1951 cane
1182 1880 1288 1951 anxie

180 2020 212 2057 η
225 2003 482 2086 prosequente.
510 1990 627 2078 Quem
653 1986 719 2059 ubi
748 1990 787 2058 in
815 2012 945 2063 manus
971 1988 1101 2061 mulier
1130 1991 1288 2087 accepit,

223 2098 335 2171 veluti
351 2099 397 2171 ad
413 2114 538 2172 notam
557 2124 649 2200 puer
665 2099 815 2172 adlusit:
831 2116 1025 2200 tantusque
1039 2104 1077 2173 in
1095 2100 1158 2174 illo
1172 2103 1289 2199 vigor,

224 2226 262 2281 et
275 2210 390 2282 dulcis
408 2210 556 2310 quidam
570 2211 795 2283 blandientis
808 2213 901 2285 risus
920 2214 1100 2312 apparuit,
1113 2228 1154 2283 ut
1168 2226 1288 2311 pesto-

223 2346 301 2393 rem
316 2348 409 2393 uxor
423 2322 519 2394 ultro
533 2334 695 2420 rogaret,
710 2352 727 2389 o
741 2320 840 2421 [Quo
858 2348 964 2395 suum
978 2338 1122 2423 partum
1139 2347 1208 2420 pro
1228 2321 1288 2393 illo

224 2432 440 2532 exponeret]
453 2434 679 2532 permitteret
691 2430 799 2531 [que]
811 2432 880 2505 sibi
889 2486 899 2521 ,
908 2435 982 2505 sive
994 2430 1149 2505 fortunae
1161 2433 1290 2532 ipsius,

180 2556 212 2609 13
224 2546 297 2615 sive
317 2547 395 2643 spei
416 2570 488 2617 sure
509 2568 665 2643 puerum
686 2544 862 2613 nutrire.»
880 2548 997 2641 Atque
1017 2546 1066 2616 ita
1087 2556 1289 2641 permutata

225 2668 323 2725 sorte
335 2654 588 2752 parvulorum,
600 2650 662 2723 hic
676 2676 744 2751 pro
760 2652 835 2725 filio
852 2656 1006 2751 pastoris
1021 2652 1211 2742 educatur3
1230 2652 1288 2723 ille

180 2787 215 2845 rt
227 2788 296 2861 pro
325 2778 460 2861 nepote
488 2766 582 2860 regis
613 2766 818 2862 exponitur.
847 2766 989 2836 Nutrici
1018 2770 1134 2865 Spaco
1163 2780 1289 2864 postea

227 2899 365 2946 nomen
384 2873 467 2965 fuit,
482 2877 568 2975 quia
584 2900 712 2949 canem
728 2881 842 2949 Persae
860 2876 911 2947 sie
928 2892 1069 2947 vocant.

225 3083 737 3157 simspudPersssfsmilisr,uteuetor
776 3088 852 3143 uncis
875 3088 1048 3143 includuntur
1075 3088 1183 3162 quidam
1207 3089 1288 3143 omit-

226 3176 266 3218 est
280 3177 307 3217 et
323 3164 475 3219 Herodotus
485 3168 546 3221 loeo
557 3166 673 3221 laudato.
687 3186 734 3222 ru.
776 3168 855 3221 tenda
867 3180 980 3241 putrut,
993 3166 1065 3241 quod
1078 3188 1133 3222 non
1146 3170 1287 3221 verisimile

226 3245 347 3297 -Anno
360 3244 441 3296 Urbis
455 3246 514 3299 181.
776 3247 819 3312 sit,
825 3262 943 3313 matrem,
952 3266 1082 3320 suompro
1090 3248 1176 3299 alieno
1182 3260 1286 3318 partum

259 3326 286 3376 6.
299 3352 334 3363 -—
347 3323 427 3375 Anno
438 3324 519 3377 Urbis
533 3326 592 3379 res.
777 3326 936 3397 exposuisse.
950 3325 1101 3379 Herodotus
1115 3326 1150 3379 sit
1161 3326 1288 3379 infantem

262 3419 302 3453 rs.
316 3408 470 3473 Utprstorem
480 3422 544 3454 uxor
554 3404 739 3456 eteUxorto-
776 3406 907 3476 postoris,
924 3418 1059 3458 mortuum
1080 3404 1160 3457 foisse
1177 3417 1288 3470 natum3

226 3480 515 3550 gatpsstorem,ntsibi
525 3486 596 3532 osori
603 3482 737 3552 permittat
776 3481 849 3536 unde
867 3483 895 3536 iu
912 3484 1033 3536 solatium
1050 3484 1167 3536 orbitatis
1179 3500 1287 3553 pennu·

225 3575 339 3627 puerum
346 3560 738 3631 nutrire,sivefortunoeipsius
777 3562 841 3614 tatio
858 3562 907 3616 iste
923 3562 979 3615 vivi
991 3562 1066 3635 pueri
1087 3563 1147 3614 loco
1169 3560 1289 3615 defuncti

226 3634 354 3705 pueri,id
364 3649 402 3689 est
409 3637 438 3690 in
448 3656 524 3710 spem
535 3638 649 3690 fortune
657 3638 738 3709 hujus
778 3658 833 3693 non
846 3653 945 3694 temere
955 3642 1133 3713 expetebatur.
1149 3660 1195 3694 ru.

227 3712 320 3783 Ρΰθῑῖ,
330 3732 425 3783 quum,
433 3715 602 3789 q⁰⁰dP⁰⁸¹0⁸
608 3734 671 3768 me
679 3734 738 3768 eve.
815 3728 855 3786 14.
870 3730 958 3774 Persoe.
971 3721 1025 3775 Aut
1037 3720 1125 3793 potius
1137 3717 1220 3773 Medi.
1233 3720 1290 3773 He·

226 3790 281 3853 nit,
293 3792 579 3861 spemrehfomutad
591 3795 737 3857 fortunam,
778 3800 888 3854 todotus
906 3801 977 3853 enim
997 3799 1027 3864 1,
1051 3816 1112 3861 110,
1127 3796 1205 3850 tradit
1225 3797 1290 3851 huie

227 3880 364 3940 qnanstus
373 3874 547 3943 erst‚regism
554 3885 738 3938 revocarem
778 3879 883 3931 mulieri
901 3898 999 3931 nomen
1017 3878 1096 3931 fuisse
1115 3877 1202 3947 Spoco
1220 3876 1291 3935 sard

226 3951 277 3997 sive
285 3950 336 4017 spei
344 3966 407 4010 πω,
417 3950 471 4003 sive
481 3950 553 4023 quod
562 3952 620 4023 ipso
633 3968 738 4022 sperare
778 3954 822 4007 τὴ
837 3949 952 4007 Muneris
964 3954 1093 4019 praeees-
1105 3945 1148 4004 «ἦν
1163 3950 1210 4019 γὴ
1225 3949 1290 4005 seire

226 4038 318 4095 posset
326 4025 425 4096 optima
432 4030 643 4101 quievisspuero
650 4028 683 4081 ad
691 4030 739 4082 fas·
780 4038 881 4085 satine·
899 4034 983 4085 utto·
1005 4027 1104 4085 nuiss.
1122 4029 1223 4084 Confer
1236 4028 1290 4082 ibi-

227 4103 323 4174 tigium
335 4104 439 4176 regium
452 4120 552 4158 erecto.
566 4108 633 4172 Quae
650 4120 737 4160 antem
779 4107 840 4161 dem
852 4126 909 4179 cap.
926 4125 985 4161 trs.
