2967 4684
236 289 282 361 88
660 294 679 365 J
687 292 869 368 USTINI

192 445 226 480 ιο
236 434 319 483 rum
330 412 581 485 transitionem
595 416 786 516 pollicitus.
797 416 970 517 Epistola,
981 420 1065 517 quia
1076 416 1193 517 palam
1204 416 1290 492 ferri
1361 474 1363 481 -

237 522 427 633 nequibat,
438 527 530 622 regis
541 526 752 631 custodibus
762 552 889 601 omnes
897 527 1014 601 adime
1023 527 1291 619 obsidentibus,

238 648 444 707 exenterato
460 636 574 734 lepori
596 640 784 728 inserimr,
800 638 975 738 lepusque
994 642 1032 711 in
1053 644 1177 711 Persas
1195 645 1291 735 Cyro

236 743 407 817 ferendus
415 743 491 817 fido
500 771 605 817 servo
614 747 782 820 traditur:
792 750 912 823 addita
922 754 1027 840 retia,
1040 765 1082 822 ut
1094 750 1164 823 sub
1174 752 1293 845 specie

236 858 441 927 venationis
455 855 559 927 dolus
575 857 712 925 lateret.

211 986 225 1023 ι
286 967 343 1035 Vl.
355 967 473 1037 Lectis
484 964 543 1034 ille
552 964 859 1061 epistolis,eadem
870 969 1014 1037 somnio
1024 962 1168 1064 adgredi
1174 968 1294 1063 jussus

238 1084 316 1143 est:
337 1072 400 1144 sed
417 1075 672 1169 praemonitus,
689 1089 750 1161 ut,
769 1100 877 1174 quem
899 1079 1053 1174 primum
1074 1091 1218 1174 postera
1234 1079 1293 1150 die

210 1183 388 1255 ²obvium
408 1180 612 1272 habuisset,
630 1186 769 1256 socium
791 1188 918 1284 coeptis
933 1185 1143 1283 adsumeret.
1159 1189 1293 1283 Igitur,

236 1294 458 1366 antelucano
480 1310 659 1395 tempore,
674 1300 751 1367 ruri
769 1300 837 1368 iter
858 1299 1038 1395 ingressus
1059 1294 1204 1367 obvium
1223 1293 1294 1369 ha·-

237 1404 320 1475 bnit
347 1430 491 1477 servum
516 1405 562 1477 de
589 1407 767 1504 ergastulo
795 1406 979 1505 cujusdam
1007 1407 1123 1495 Medi,
1144 1412 1295 1480 nomine

210 1514 432 1588 tsoebarem.
450 1517 564 1612 Hujus
582 1519 753 1615 requisita
771 1521 928 1615 origine,
941 1533 982 1589 ut
1003 1518 1041 1588 in
1064 1519 1178 1589 Persis
1195 1522 1295 1615 geni·

240 1643 319 1697 tum
326 1628 472 1714 audivit,
481 1627 609 1701 demtis
618 1628 866 1729 compedibus,
874 1628 1138 1729 adsumptoque
1150 1632 1292 1720 comite,

213 1737 461 1835 sPersepolim
484 1738 694 1836 regreditur.
717 1740 774 1813 lbi
798 1756 999 1813 convocato
1021 1741 1176 1839 populo,
1195 1742 1298 1837 jubet

242 1870 370 1919 omnes
385 1864 515 1945 praesto
532 1874 616 1921 cum
633 1851 819 1923 securibus
837 1875 930 1937 esse,
945 1865 981 1921 et
997 1850 1121 1923 silvam
1142 1853 1208 1921 via
1230 1853 1297 1921 cir·

214 1956 445 2031 scumdatam
467 1961 641 2033 excidere.
663 1959 772 2051 Quod
796 1986 908 2059 quum
938 1974 1083 2033 strenue
1111 1957 1297 2048 fecissent,

215 2069 389 2141 ceosdem
406 2088 551 2170 postera
568 2072 627 2145 die
643 2070 822 2171 adparatis
843 2072 957 2173 epulis
980 2073 1117 2157 invitat.
1137 2069 1300 2159 Deinde,

212 2192 222 2219 ⁸
244 2207 358 2279 quum
379 2184 569 2257 alacriores
585 2188 666 2285 ipso
688 2187 854 2257 convivio
872 2182 986 2258 factos
1003 2182 1161 2271 videret,
1178 2196 1301 2279 rogat,

75 2325 78 2333 ·
133 2282 143 2299 ⁴
245 2322 263 2358 a
277 2295 312 2363 si
330 2294 492 2367 conditio
511 2312 758 2397 proponatur,
773 2300 889 2369 utrius
906 2300 985 2368 vitoe
1008 2310 1142 2367 sortem
1161 2295 1300 2391 legant,

245 2402 456 2478 hesternine
480 2406 614 2481 laboris
623 2446 639 2497 ,ν
653 2436 703 2481 an
724 2411 956 2506 praesentium
979 2406 1190 2505 epularum?
1213 2429 1301 2501 prae·

245 2517 450 2605 sentium‚»
471 2532 514 2589 ut
541 2519 782 2590 acclamavere
807 2541 956 2603 omnes,
980 2518 1029 2585 ait
1052 2542 1062 2584 τ
1085 2544 1102 2579 α
1123 2520 1301 2587 Hesterno

246 2626 399 2696 similem
420 2626 536 2698 labori
556 2652 704 2699 omnem
724 2628 834 2696 vitam
859 2640 1021 2711 acturos,
1043 2621 1163 2718 quoad
1187 2621 1303 2691 Medis

218 2751 419 2830 7pareant:
434 2761 472 2806 se
485 2750 674 2834 sequutos,
686 2734 875 2805 hodiernis
890 2731 1046 2831 epulis.»
1062 2732 1166 2801 Imtis
1184 2733 1303 2803 omni·

218 2838 334 2928 ebus,
347 2840 463 2913 Medis
478 2842 612 2916 bellum
627 2843 747 2915 infert.
762 2848 930 2939 Astyages
942 2842 1062 2913 meriti
1081 2842 1136 2912 sui
1156 2842 1194 2911 in
1213 2848 1304 2913 Har·

247 2974 379 3047 pagum
402 2950 555 3041 oblitus,
574 2978 752 3026 summam
770 2952 856 3025 belli
873 2951 989 3025 cidem
1007 2954 1222 3024 committit:
1241 2956 1303 3051 qui

286 3112 327 3147 ro.
337 3099 484 3149 semema
493 3099 574 3169 lepori.
584 3100 679 3153 Maluit
687 3102 758 3153 Bon-
796 3100 915 3172 preponi
939 3100 1018 3153 soleat
1042 3100 1117 3154 litera
1138 3100 1254 3167 scilicet,
1275 3114 1305 3155 ut

250 3191 317 3244 gers.
334 3178 475 3229 exinterato.
494 3178 581 3231 Placet
596 3180 680 3249 magis
696 3181 757 3233 enl-
797 3178 992 3243 Androeottus,
1013 3178 1132 3243 Merdis,
1158 3180 1305 3244 Osthanes,

250 3264 311 3323 gata
328 3254 425 3307 lectio:
438 3269 477 3309 est
499 3258 570 3310 enim
593 3258 650 3311 sine
675 3258 758 3311 dnbio
799 3258 915 3328 quosalii
925 3260 1097 3328 pronuntiant
1107 3256 1304 3322 sandrocotms,

171 3340 182 3361 ‘
250 3342 389 3384 exenterare
400 3352 414 3385 a
425 3352 510 3405 gemo
520 3337 691 3404 Ἐξιντιρὶξοιι
703 3338 758 3390 lor·
799 3334 931 3399 Smerdis,
943 3336 1089 3388 Sosthanes.

251 3414 474 3486 matum,etapnd
481 3416 603 3468 Plautum
612 3416 755 3481 invenitur,
833 3420 859 3477 4.
873 3412 913 3463 Ibi
927 3424 1053 3465 coemento
1072 3422 1121 3463 etc.
1140 3410 1239 3463 Confer
1251 3410 1304 3462 lle·

252 3490 332 3561 Epid.
349 3492 395 3557 11,
414 3513 429 3545 a
446 3505 476 3548 ‚et
487 3494 522 3545 V.
541 3512 572 3558 ²3
590 3492 689 3565 Hygia.
704 3494 758 3547 lab.
797 3490 885 3546 rodot.
898 3488 1305 3564 1,125etseq.‚1>015m.vt11;

249 3566 347 3634 XXX,
359 3570 427 3623 Plio.
439 3570 505 3623 llist.
519 3571 613 3623 Natos.
626 3568 719 3634 XXX,
732 3575 757 3624 5.
800 3570 918 3623 Frontin.
937 3570 968 3633 I,
987 3588 1017 3633 a,
1039 3586 1077 3636 ¹9·
1095 3596 1130 3609 -
1147 3566 1245 3619 Adesse.
1264 3568 1308 3619 Ad

253 3644 295 3695 De
306 3664 335 3698 re
345 3660 432 3701 antem
443 3648 534 3701 confer
549 3646 715 3701 Herodotum
729 3649 759 3714 1,
798 3668 853 3723 prae
870 3668 919 3699 esse
938 3666 971 3699 ex
991 3646 1044 3699 anis
1064 3648 1139 3701 MSS.
1161 3646 1307 3699 restituerat

256 3722 322 3787 1235
339 3724 454 3798 Polyen.
468 3725 542 3789 Vll;
560 3726 679 3779 frontis.
697 3726 761 3791 111,
800 3726 875 3780 Mod.
888 3738 915 3778 et
931 3725 1040 3796 simplex
1055 3724 1200 3796 composito
1211 3724 1308 3777 rectius

256 3800 305 3862 13,
320 3801 351 3864 33
365 3814 392 3853 et
401 3805 470 3855 alibi.
485 3822 531 3855 nn.
800 3804 914 3869 videtur,
924 3804 984 3874 quia
992 3814 1080 3874 prosto
1092 3800 1229 3855 antecedit.
1244 3818 1288 3853 no.

293 3876 331 3926 VI
354 3898 378 3931 a.
389 3879 639 3935 tutamenti
650 3898 711 3933 cum
724 3880 759 3932 Is.
836 3883 861 3935 8.
874 3884 954 3933 Metiri
969 3886 1007 3932 sui
1023 3882 1098 3952 (cap.
1117 3879 1148 3943 ⁵,
1165 3880 1230 3949 ⁶·7)
1248 3878 1308 3931 obli·

255 3955 366 4016 vossio,
383 3976 432 4029 pro
447 3961 520 4031 vulg.
538 3959 663 4031 «trhonie,
678 3976 762 4029 quum
801 3970 868 4013 tus...
880 3962 1008 4011 committit.
1019 3958 1099 4024 Quod
1111 3970 1141 4010 nt
1151 3958 1257 4010 minime
1268 3968 1307 4009 est

255 4034 289 4086 sit
298 4050 380 4105 grace
389 4036 498 4103 οἱζιριῖς
506 4037 599 4089 Ctesias
607 4034 676 4107 apud
685 4036 762 4088 Phot.
802 4038 956 4099 verisimile,
971 4038 1011 4090 *ita
1032 4034 1182 4092 Herodotus
1193 4051 1308 4111 *quoque

254 4130 315 4184 pag.
332 4131 396 4183 107,
408 4125 435 4166 et
446 4114 598 4185 hujusmodi
611 4114 763 4169 nominibus
801 4116 881 4170 refert
895 4115 924 4182 1,
941 4130 999 4187 ¹²7·
