2967 4684
469 356 533 427 ET
557 358 787 429 JUDICIA.
1098 386 1158 433 xxx
1245 380 1249 386 ’

101 502 235 577 pauca,
250 476 289 550 in
307 478 362 550 his
375 502 439 568 ea,
456 501 537 578 quae
550 476 596 551 de
609 478 872 552 terrarum-situ
885 479 1028 581 Trogus
1040 482 1159 581 scrip-

101 603 207 661 serat.
234 590 351 679 Sunt,
387 587 449 687 qui
478 588 657 690 integram
683 588 797 691 Trogi
825 589 1010 663 historiam
1038 591 1160 665 dicant

100 697 207 772 fuisse
233 699 271 771 'm
289 689 509 772 Bibliotheca
526 698 736 799 Marquardi
761 698 891 789 Gudii,
918 698 980 772 sed
999 689 1074 772 non
1091 726 1160 804 ego

99 808 264 882 credulus
281 806 364 881 illis.
383 810 438 881 lta
449 834 593 908 quoque
608 808 724 880 Aldus
741 808 927 881 Manutius
944 832 1076 911 magna
1096 836 1159 908 spe

100 946 136 992 se
162 918 335 1011 lactabat,
368 917 482 1019 Trogi
511 918 674 991 historias
704 931 841 991 exstare
868 919 966 1018 apud
1001 920 1160 993 amicum

98 1026 280 1127 quendam
303 1027 451 1100 doctum
470 1053 510 1100 ac
528 1042 697 1126 spectatae
716 1026 820 1119 fidei,
840 1028 1101 1131 futurumque,
1121 1045 1161 1103 ut

95 1138 317 1236 propediem
335 1138 373 1210 in
400 1137 518 1211 lucem
545 1138 753 1211 ederentur.
788 1138 858 1211 Sed
883 1138 944 1211 illa
967 1166 1047 1237 spes
1069 1167 1162 1217 vana

94 1248 188 1337 fuit;
209 1273 326 1349 neque
355 1250 499 1350 Trogus
525 1248 572 1320 ad
597 1250 688 1321 hanc
712 1247 810 1327 diem
838 1248 957 1321 lucem
982 1249 1162 1348 adspexit.

97 1358 192 1457 Quae
215 1358 309 1431 libro
336 1359 503 1431 xxxvl
530 1359 724 1432 traduntur
744 1359 789 1431 de
815 1360 973 1452 Judaeis,
997 1382 1038 1432 ea
1057 1359 1161 1434 illus-

96 1482 241 1549 trantur
258 1467 392 1566 partim
400 1494 418 1553 ,’
426 1469 559 1567 partim
583 1470 802 1569 castigantur
817 1497 838 1540 a
850 1471 911 1543 Jo.
924 1470 1002 1543 Jac.
1022 1467 1168 1543 Schudt'

96 1580 136 1650 in
157 1578 375 1677 compendio
393 1577 564 1652 Historiae
585 1580 780 1651 Judaicaee
799 1579 1000 1653 Gentilium
1019 1580 1162 1679 scriptis

95 1686 271 1779 collecto,
291 1688 456 1761 Francos.
485 1714 588 1787 1700.
609 1692 645 1760 8.
662 1689 818 1762 Videtur
835 1690 999 1771 Justinus
1020 1693 1058 1764 in
1076 1691 1161 1791 plu-

95 1796 197 1870 ribus
222 1822 305 1871 usus
328 1797 442 1899 Trogi
468 1799 613 1891 verbis,
644 1800 740 1873 unde
762 1802 825 1874 vix
849 1803 983 1875 Justini
1013 1803 1086 1875 ulla
1115 1804 1161 1876 ab

97 1908 223 2007 Trogo
249 1908 364 2009 aliena
385 1910 424 1981 in
447 1934 614 1984 sermone
640 1911 791 2013 vestigia
816 1938 1012 2011 apparere,
1035 1914 1085 1986 ait
1098 1916 1162 1987 Jo.

95 2018 195 2089 Frid.
208 2018 414 2095 Gronovius
423 2019 632 2096 Observatt.
645 2023 712 2112 IV,
732 2046 794 2112 ιο,
809 2049 891 2128 pag.
910 2025 990 2115 154.
1006 2024 1164 2098 Solcnne

97 2141 150 2199 est
174 2127 276 2201 Mss.
296 2128 430 2202 Justini
451 2131 632 2204 codicibus
656 2132 798 2231 praefigi
820 2135 1024 2232 speciosum
1047 2136 1163 2237 Trogi

95 2260 253 2328 nomen,
276 2252 359 2310 ante
378 2240 494 2313 multa
507 2246 584 2339 jam
605 2242 734 2314 saec'ula
751 2244 943 2339 deperditi.
964 2248 1017 2317 lta
1035 2248 1164 2345 Lupus

96 2345 330 2419 Ferrariensls
344 2348 458 2442 Epist.
475 2373 541 2437 20,
554 2351 681 2420 Petrus
695 2348 869 2420 Blesensis
881 2352 996 2447 Epist.
1010 2355 1075 2443 85,
1091 2358 1140 2451 94
1148 2406 1162 2443 ,
1266 2420 1273 2433 .

97 2450 288 2558 AElfredns
299 2456 563 2531 Beverlaccnsis
580 2456 619 2527 in
640 2457 842 2530 Annalibus
856 2460 996 2559 Regum
1014 2461 1164 2534 Britan-

96 2564 167 2637 niae
180 2588 265 2665 pag.
278 2569 325 2656 24
333 2619 346 2656 ,
360 2563 467 2637 etalii
476 2565 658 2665 juniores,
669 2567 817 2665 quando
830 2568 1047 2667 Pompeium
1061 2572 1162 2644 Tro-

96 2700 184 2777 gum
197 2674 334 2767 citant‚
353 2674 488 2748 Justini
505 2676 693 2773 epitomen
709 2674 933 2777 intelligunt.
955 2678 1162 2781 Narratque

96 2786 275 2859 eruditiss.
291 2785 558 2887 Wageuseilius
571 2785 610 2857 in
622 2786 708 2858 Sota
722 2813 805 2888 pag.
821 2786 913 2885 576,
928 2788 1109 2865 exsiluisse
1122 2819 1165 2865 se

96 2922 172 2995 prae
183 2896 329 2997 gaudio,
337 2922 451 2997 quum
466 2896 503 2968 in
515 2893 609 2967 Bibl.
620 2895 833 2969 Scorialensi
842 2896 957 2970 codici
967 2900 1163 2999 praecipuae

97 3006 355 3106 magnitudinis
365 3007 530 3107 Trogum
539 3005 757 3103 Pompeium
765 3004 983 3105 inscriptum
993 3008 1156 3084 vidisset:

100 3116 242 3214 Quam,
261 3115 389 3188 dixisse
410 3115 508 3213 apud
525 3142 583 3205 se,
608 3138 673 3213 ego
697 3115 778 3188 laeto
797 3121 932 3188 nuncio
948 3115 1164 3192 exhilarabo

97 3230 193 3297 uiros
209 3224 355 3312 doctos,
376 3238 460 3323 quot
481 3239 516 3295 ct
535 3240 676 3325 quanta
696 3224 782 3297 mitt
799 3225 941 3299 dabunt
953 3230 1159 3325 evangelia!

97 3350 134 3407 at
150 3361 264 3434 quum
282 3333 341 3409 vix
357 3334 553 3432 aperuisset
571 3333 724 3427 librum,
740 3328 863 3408 statim
876 3335 931 3409 illi
946 3337 994 3410 ob
1012 3338 1160 3409 menda·

97 3470 177 3517 cem
203 3441 374 3534 titulum,
402 3442 468 3515 sibi
494 3469 638 3544 quoque
667 3468 791 3545 paene,
814 3433 868 3519 'ob
889 3447 998 3519 nimis
1016 3446 1160 3521 facilem

98 3554 373 3645 mobilitatem,
388 3552 617 3656 indignatum
633 3586 641 3627 ε
657 3582 742 3629 nam
756 3581 826 3654 pro
837 3557 963 3657 Trogo
972 3556 1159 3629 lustinum

97 3663 283 3763 reperisse.
304 3664 506 3739 Bernardus
522 3664 824 3768 Montefalconius
841 3665 881 3737 in
893 3663 1018 3739 Diario
1034 3666 1161 3743 Italico

99 3800 183 3875 pag.
204 3775 250 3873 76
266 3788 393 3868 notat,
408 3774 573 3875 prologos
589 3777 705 3851 rarius
722 3802 909 3851 occurrere
924 3777 963 3850 in
976 3778 1161 3852 codicibus

101 3884 233 3958 Justini
257 3884 359 3957 MSS.
385 3885 494 3960 Notae
517 3886 562 3968 ad
586 3887 758 3990 prologos
779 3885 995 3986 pereruditae
1020 3887 1161 3961 abbatis

97 3992 144 4069 de
171 3980 515 4095 Longerucexstant
536 3998 575 4071 in
601 3998 761 4073 editione
779 3997 920 4071 Justini
940 3995 1158 4091 Parisiensi,

98 4132 178 4207 quae
207 4134 267 4181 an.
301 4136 416 4209 1709,
450 4110 593 4186 minore
618 4110 736 4185 forma
764 4106 922 4207 prodiit,
938 4134 1008 4184 nec
1025 4107 1159 4183 nonin
