2967 4684
234 360 304 433 ²9²
532 276 537 289 ·
659 332 870 403 JUSTINI
988 401 990 407 ,
1014 338 1016 343 ’

235 457 344 531 uibus
360 481 465 553 {equo
483 460 605 528 animo
623 456 825 541 caruerint,
842 455 943 552 quod
960 450 1162 527 Alexandro
1176 454 1292 551 justus

190 569 341 640 sthenes
365 566 443 639 luit.
469 567 537 639 Sed
563 568 775 639 Ptolemaeus
801 582 837 638 et
860 565 1080 651 Cassander,
1103 567 1293 664 caeterique

235 680 401 752 factionis
424 679 568 750 alterius
593 677 721 764 duces,
747 701 868 774 quum⁸
884 679 982 775 carpi
1004 700 1042 746 se
1066 674 1225 772 singulos
1247 673 1293 746 ab

233 795 418 888 Antigono
437 788 624 875 viderent3
644 788 730 858 dum
753 788 931 885 privatum
952 784 1196 883 singulorum,
1217 810 1293 857 non

234 924 429 973 commune
444 902 697 971 universorum
711 896 847 969 bellum
864 895 1023 984 ducunt,
1038 920 1107 967 nec
1123 895 1293 969 auxilium

233 1010 329 1085 ferre
343 1011 445 1084 alteri
458 1009 602 1095 volunt,
618 1011 717 1107 qiusi
732 1008 882 1079 victoria
897 1009 1021 1091 unius,
1035 1030 1112 1077 non
1128 1007 1292 1077 omnium

189 1138 221 1186 16
233 1122 347 1211 foret,
362 1148 429 1221 per
446 1121 615 1221 epistolas
632 1146 670 1191 se
686 1121 842 1191 invicem
862 1116 1138 1206 confirmantes,
1151 1131 1292 1215 tempus

233 1249 269 1305 et
282 1234 404 1306 locum
417 1230 575 1304 coeundi
588 1231 803 1318 condicunt,
814 1228 1024 1325 bellumque
1037 1227 1292 1300 communibus

186 1368 219 1423 ¹7
231 1344 367 1417 viribus
378 1346 576 1415 instruunt.
587 1344 651 1412 Cui
665 1365 779 1438 quum
788 1337 988 1410 Cassander
1000 1340 1172 1408 interesse
1184 1362 1292 1436 prop·

229 1470 287 1526 ter
308 1454 506 1526 finitimum
526 1452 662 1523 bellum
680 1476 759 1521 non
779 1463 919 1545 posset,
935 1447 1190 1545 Lysimachum
1209 1472 1291 1519 cum

227 1562 440 1661 ingentibus
455 1561 570 1657 copiis
587 1562 625 1629 in
641 1559 813 1630 auxilium
831 1560 937 1631 sociis
955 1561 1074 1631 mittit.

202 1700 215 1733 ι
277 1679 338 1744 ΠΙ.
353 1679 438 1743 Erat
451 1670 512 1741 hic
524 1669 758 1766 Lysimachus
770 1668 899 1741 illustri
911 1670 1058 1766 quidem
1070 1668 1291 1743 Macedoniae

229 1779 312 1853 loco
331 1796 454 1867 nattis,
469 1778 534 1851 sed
550 1781 690 1851 virtutis
707 1780 965 1877 experimentis
984 1783 1086 1851 omni
1103 1781 1290 1853 nobilitate

199 1918 215 1953 ο
230 1890 379 1963 clarior:
396 1914 475 1988 quae
491 1905 592 1961 tanta
607 1892 646 1959 in
663 1890 724 1961 illo
743 1887 827 1976 fnit,
842 1904 882 1962 ut
900 1892 1010 1961 animi
1029 1891 1291 1989 magnitudine,

228 2000 459 2101 philosophia
481 2004 578 2100 ipsa,
593 2001 797 2099 viriumque
819 2000 932 2097 gloria
951 2026 1098 2090 omnes,
1117 2027 1182 2101 per
1200 2027 1291 2100 quos

198 2116 358 2185 30riens
380 2112 539 2184 domitus
555 2127 627 2201 est,
641 2114 776 2183 vicerit.
792 2113 936 2210 Quippe
958 2138 1072 2211 quum
1092 2112 1291 2187 Alexander

226 2230 381 2324 Magnus
405 2224 660 2297 Callisthenem
686 2223 968 2323 philosophum,
991 2239 1142 2324 propter
1162 2226 1290 2297 saluta·

225 2336 338 2407 tionis
348 2337 498 2408 Persicae
510 2334 779 2435 interpellatum
795 2360 955 2424 morem,
968 2335 1197 2425 insidiarum,
1211 2361 1290 2434 quae

133 2522 137 2528 ,
225 2443 296 2516 sibi
315 2460 445 2544 paratae
464 2443 629 2533 fuerant,
642 2447 832 2517 conscium
853 2444 962 2519 fuisse
980 2447 1092 2517 iratus
1110 2445 1290 2537 finxisset3

199 2569 384 2651 teumque
409 2557 585 2627 uuncatis
609 2556 801 2627 crudeliter
822 2556 994 2627 omnibus
1017 2556 1207 2645 membris,
1226 2557 1289 2629 ab·

228 2666 421 2763 scissisque
439 2665 612 2755 auribus,
638 2692 679 2737 ao
709 2690 820 2755 naso,
846 2666 1041 2764 labiisque,
1068 2666 1228 2739 deforme
1246 2694 1289 2741 ac

200 2776 474 2846 miserandum
500 2777 744 2873 spectaculum
773 2776 1006 2867 reddidisset3
1030 2781 1179 2877 insuper
1205 2805 1289 2851 cum

229 2906 321 2954 cane
342 2885 382 2955 iu
408 2907 515 2955 cavea
538 2885 718 2975 clausum,
741 2886 786 2958 ad
809 2902 945 2959 metum
971 2903 1204 2980 caeterorum,
1224 2892 1290 2963 cir-

228 3090 272 3145 vel
292 3110 353 3143 cum
372 3092 414 3145 his
432 3092 511 3166 ipsis,
528 3114 586 3167 quoe
602 3096 739 3171 bucusque
779 3098 818 3152 tio
835 3096 950 3153 duorum
968 3100 1047 3155 codd.
1060 3102 1234 3174 philosophiam
1253 3106 1289 3174 lo·

227 3171 363 3235 narravit,
385 3182 477 3225 auctor
502 3172 555 3226 boc
580 3192 738 3247 componere
779 3194 842 3241 sain,
854 3176 883 3229 id
898 3191 937 3230 est
950 3178 1125 3251 philosophos
1139 3180 1222 3251 ipsos,
1234 3198 1291 3251 que

228 3248 346 3321 poterit?
779 3266 904 3325 proteres
915 3268 1003 3327 aptam
1015 3256 1111 3310 format
1129 3258 1269 3311 antithesin
1282 3278 1289 3309 ε

266 3328 307 3381 15.
327 3331 418 3381 caeteri.
436 3328 607 3403 Lysimachus
623 3332 648 3399 S.
664 3349 695 3385 υ
713 3344 740 3385 ct
779 3330 860 3383 enimi
868 3332 1049 3404 magnitudine
1057 3334 1200 3407 philophos
1209 3337 1289 3407 ipsos,

230 3422 279 3475 ¹7³
292 3419 384 3477 postea
398 3407 524 3461 Seleucus
541 3427 599 3480 cap.
615 3415 645 3473 4,
657 3406 737 3461 Diod.
778 3410 875 3465 virium
887 3413 969 3483 gloria
979 3431 1071 3466 omues
1080 3413 1153 3467 vicit.
1164 3412 1237 3479 Quid
1246 3432 1291 3468 au·

228 3484 297 3549 XX,
312 3490 438 3555 roh-iou.
779 3499 832 3541 tem
849 3490 877 3543 in
894 3492 1051 3561 Lysimacho
1069 3491 1119 3545 sibi
1137 3492 1216 3556 velit,
1230 3495 1293 3543 state

266 3580 311 3630 ¹7·
324 3567 461 3615 Fioicimios
478 3564 573 3617 hellam.
593 3563 663 3618 Cum
684 3565 738 3617 De·
773 3567 926 3639 philosophia
937 3572 989 3639 {osa
1001 3588 1093 3635 cosm,
1107 3569 1231 3642 equidem
1242 3566 1290 3623 ad·

228 3639 322 3691 meuio
342 3642 387 3709 (ς.
408 3645 458 3711 ιο)
476 3643 505 3695 in
523 3642 672 3707 Thessalia,
692 3644 739 3715 qui
780 3646 978 3717 sequiuequeo.

228 3730 377 3787 expugnata
391 3721 518 3793 Sicyone,
531 3722 660 3774 Corintho
673 3722 740 3775 mul·
815 3724 840 3777 3.
859 3726 1030 3779 eauehoem.
1044 3726 1156 3797 Respice
1170 3723 1243 3790 xn,
1258 3742 1290 3795 7,

228 3791 315 3866 risque
330 3796 434 3851 Achaia
447 3798 573 3863 urbibus,
592 3798 621 3851 in
639 3799 739 3854 Gracia
782 3822 806 3857 a.
821 3834 853 3843 -
867 3802 1078 3874 Intusfinzisset.
1094 3804 1294 3857 Gredonum

227 3868 426 3940 dominebatur,
440 3875 520 3929 Diod.
532 3878 598 3943 XX,
612 3880 738 3934 ros-103.
780 3881 890 3952 corrigit
907 3894 973 3935 ratus
988 3884 1108 3933 edixisset
1124 3881 1171 3950 (in
1186 3880 1291 3935 vincula

264 3950 321 4002 111.
335 3968 360 4003 r.
371 3984 405 3991 —
418 3954 459 4006 De
471 3954 524 4008 hoc
540 3956 624 4027 capite
640 3970 667 4012 et
682 3977 737 4032 seq.
781 3960 961 4031 conjecisset).

229 4028 301 4079 conf.
315 4034 493 4101 Montesqur'eu,
508 4036 657 4107 Lysimaqhe.
815 4045 840 4102 4.
853 4037 1024 4110 Absci'ssisque.
1033 4040 1106 4093 Vett.
1121 4036 1182 4093 libri
1192 4035 1290 4091 ohcisis·

266 4125 290 4158 ι.
300 4106 482 4177 Philosophia...
493 4112 553 4181 pse.
564 4110 676 4172 Adsidet
685 4114 740 4169 lec·
780 4134 825 4189 que
831 4155 839 4181 ‚
855 4134 904 4171 nec
916 4117 1033 4171 barbare.
1046 4134 1092 4169 sn.
