2967 4684
227 320 299 392 320
651 322 669 389 J
678 318 860 390 USTINI

227 442 358 515 deinde
379 444 507 514 vicinis
531 442 711 528 iocorum,
729 444 792 539 qui
811 465 873 541 spe
896 439 987 513 lueri
1004 441 1118 513 multa
1135 440 1287 542 bospiti-

182 580 212 615 11
228 553 296 626 bus
312 553 451 625 venalia
467 550 690 641 inferebant,
709 553 882 651 sedesque
901 551 951 624 ibi
968 553 1226 645 statuentibus,
1242 580 1287 627 ex

227 662 431 762 frequentia
443 664 637 736 hominum
645 662 867 736 velutinstar
878 665 1029 735 civitatis
1040 661 1211 737 effectum
1224 680 1286 738 est.

183 777 453 848 mutinensium
478 800 625 874 quoque
652 773 756 872 legati
783 775 900 863 dona,
921 789 963 845 ut
989 777 1287 874 consanguineis,

228 884 450 975 attulerunt3
475 884 684 982 hortatique
710 900 818 974 sunt,
837 885 966 956 urbem
990 885 1041 958 ibi
1066 885 1287 976 conderent,

183 1009 216 1061 13
227 995 292 1066 ubi
306 996 407 1067 sedes
419 997 536 1068 sortiti
549 985 678 1069 essent.
691 994 760 1068 Sed
771 1010 807 1067 et
816 994 922 1068 Afros
934 996 1121 1069 detinendi
1134 996 1288 1071 advenas

184 1118 216 1176 1⁴
227 1132 330 1178 amor
344 1110 448 1206 cepit.
457 1115 584 1206 Itaque
598 1107 913 1179 consentientibus
925 1105 1096 1179 omnibus
1108 1107 1287 1206 Carthago

182 1226 214 1279 15
229 1219 417 1307 conditur,
433 1233 565 1291 statuto
587 1243 713 1290 annuo
734 1216 897 1314 vectigali
917 1243 985 1317 pro
1008 1217 1086 1287 solo
1108 1215 1219 1289 urbis.
1241 1225 1288 1289 In

205 1312 351 1427 ‘prunis
379 1328 626 1400 fundamentis
653 1344 762 1426 caput
788 1327 968 1399 bubulum
997 1330 1187 1399 inventum
1208 1342 1287 1417 est;

228 1441 328 1537 quod
352 1442 552 1539 auspicium
578 1438 726 1536 quidem
751 1438 943 1512 fructuosae
965 1453 1085 1527 terrae,
1105 1437 1167 1510 sed
1187 1437 1287 1511 labo·

225 1553 344 1637 riosae,
356 1564 606 1647 perpetuoque
620 1575 730 1619 servae
747 1549 849 1621 urbis
864 1549 934 1621 fuit
947 1578 955 1619 ε
970 1564 1120 1649 propter
1135 1548 1233 1647 quod
1247 1554 1286 1620 in

184 1662 336 1733 seatium
357 1661 480 1731 locum
500 1658 589 1730 urbs
614 1659 795 1729 translata.
819 1659 875 1729 lbi
901 1684 1047 1756 quoque
1069 1662 1154 1757 equi
1180 1675 1290 1758 caput

142 1756 145 1761 ¹
226 1785 425 1870 repertum,
436 1768 648 1840 bellicosum
661 1783 922 1866 potentemque
934 1770 1112 1869 populum
1125 1768 1288 1843 futurum

183 1900 216 1953 ¹7
228 1880 456 1980 significans,
476 1877 560 1950 urbi
586 1881 805 1977 auspicatam
833 1878 954 1951 sedem
982 1879 1089 1965 dedit.
1112 1884 1216 1954 Tunc
1242 1882 1289 1955 ad

228 1994 441 2091 opinionem
454 2015 556 2062 novae
567 1989 669 2061 urbis
680 1990 984 2064 concurrentibus
993 1993 1290 2091 gentibus,brevi

227 2120 263 2175 et
282 2104 457 2202 populus,
475 2115 512 2173 et
530 2102 654 2173 civitas
671 2126 803 2199 magna
820 2100 923 2175 facta.

200 2241 213 2275 1
275 2219 333 2288 VI.
360 2216 483 2305 Quum
513 2236 682 2285 successu
711 2238 833 2285 rerum
863 2213 1036 2287 florentes
1064 2214 1290 2313 Carthaginis

229 2351 317 2427 opes
328 2342 466 2417 essent,
478 2350 543 2397 rex
558 2317 823 2397 Maxitanorum
837 2327 1005 2416 Hiarbas‚
1020 2326 1145 2401 decem
1161 2332 1292 2400 Poeno-

227 2464 310 2509 rum
331 2435 559 2537 principibus
580 2436 627 2508 ad
647 2462 683 2509 se
704 2442 901 2525 arcessitis,
920 2440 1038 2512 Elissae
1056 2443 1201 2541 nuptias
1222 2439 1290 2512 sub

201 2548 315 2620 abelii
333 2548 609 2620 denuntiatione
626 2550 741 2645 petit:
760 2548 860 2648 quod
879 2550 985 2649 legati
1004 2555 1135 2651 reginae
1155 2548 1290 2624 referre

229 2675 449 2747 metuentes,
463 2661 602 2730 Punico
617 2682 701 2730 cum
718 2684 761 2731 ea
773 2662 922 2759 ingenio
935 2678 1105 2760 egerunt,
1119 2664 1290 2733 nuntian-

229 2782 302 2856 tes,
323 2798 342 2835 tt
359 2773 493 2866 Regem
517 2767 676 2865 aliquem
700 2794 871 2867 poscere,
896 2774 959 2869 qui
983 2775 1149 2845 cultiores
1173 2774 1292 2845 victus

202 2892 315 2949 teum
336 2876 515 2975 Afrosque
537 2878 759 2978 perdoceat:
778 2881 841 2955 sed
862 2908 971 2983 quem
991 2886 1147 2957 inveniri
1167 2908 1291 2985 posse,

230 3092 286 3146 fere
303 3092 355 3161 93,
375 3094 476 3166 quippe
493 3096 538 3169 qui
556 3096 743 3171 Carthaginem
820 3103 1292 3178 16.Equieaput.AddeVirg.AEneid.

230 3170 262 3222 A.
276 3172 312 3224 U.
325 3174 392 3242 607,
409 3172 522 3226 deletam
541 3176 640 3228 stetisse
658 3176 743 3232 tradat
783 3180 813 3246 1,
823 3184 883 3247 448.
896 3184 960 3257 Ejus
969 3181 1042 3237 modi
1048 3183 1177 3253 auspicia,
1188 3184 1224 3237 ait
1232 3186 1293 3237 Ber-

230 3268 315 3304 anuos
328 3270 393 3322 7⁰⁰³
407 3252 504 3305 Noster
515 3252 583 3306 iufra
594 3272 652 3327 cap.
668 3260 700 3322 6,
711 3276 741 3326 9,
782 3278 925 3328 receerus,
943 3264 971 3315 in
989 3262 1081 3333 priscis
1099 3262 1208 3314 urbibus
1228 3281 1292 3315 cou-

230 3343 352 3383 numerat
359 3348 442 3383 annos
451 3336 615 3402 7s.-Tegi.
627 3335 743 3407 Antique
783 3336 877 3391 dendis
897 3342 999 3393 curiose
1020 3341 1177 3404 observata,
1198 3352 1292 3411 praeter

231 3406 331 3461 dicmur
344 3428 394 3480 pro
411 3413 489 3480 cingi,
503 3409 619 3482 Virgilio
636 3416 697 3465 AEn.
711 3414 742 3481 1,
783 3416 831 3469 elia
844 3418 965 3489 exemplo
982 3428 1021 3469 est
1037 3420 1121 3470 Roma
1140 3418 1212 3489 apud
1230 3419 1292 3474 Lir.

231 3488 742 3559 368‚cmumdaoe,ltvioxxx1v,61‚
782 3493 813 3560 1,
828 3495 875 3562 ⁵5,
886 3515 911 3567 7.
925 3514 971 3547 un.

233 3584 281 3633 ιο,
294 3568 411 3640 arnplecti.
428 3598 462 3610 -
474 3570 552 3622 Anno
567 3581 629 3623 ante
641 3571 742 3625 Urbem
817 3571 868 3624 vt.
881 3594 903 3625 ι.
914 3575 1103 3626 mascaronem.
1111 3572 1173 3627 edd.
1181 3574 1292 3645 antique

231 3643 365 3701 conditam
381 3649 440 3701 132.
782 3663 895 3722 quatuor
913 3655 1118 3715 nauatam»,-
1136 3652 1215 3707 codd.
1236 3651 1292 3706 duo

268 3740 309 3777 to.
334 3723 514 3797 Conflueott'fus
535 3726 624 3778 deiude
644 3730 739 3781 uicinis.
781 3734 928 3782 Maurorum.

231 3800 323 3864 Quum
333 3806 497 3858 confluerent
505 3803 602 3857 deinde
610 3806 740 3859 vicinilo·
818 3825 842 3859 a.
857 3812 947 3861 Victus.
960 3806 1029 3861 Edd.
1043 3810 1125 3881 antiq.
1136 3828 1227 3863 omnes
1239 3828 1292 3861 mo·

231 3896 324 3931 corum
332 3882 492 3947 (vicinorum
498 3884 620 3941 iocorum
627 3886 740 3955 inoolae).
782 3904 819 3936 m
831 3888 965 3959 victusque.
974 3918 1008 3926 -
1016 3892 1087 3943 Eum.
1099 3888 1184 3942 Caesar
1193 3887 1293 3941 diceret

267 3964 309 4019 14.
322 3965 411 4011 Annuo
424 3964 548 4033 emboli.
565 3964 643 4019 Cous.
658 3964 741 4031 XIX,
781 3984 807 4015 se
812 3986 822 4026 ,·
836 3966 921 4017 caeteri
935 3969 1018 4037 {osuin

234 4033 660 4104 „summo—Anno
680 4055 740 4098 ante
818 4042 1291 4118 3.Quem...posse.Quispossit.Conf.
1387 4066 1392 4078 ·

231 4109 332 4165 Urbem
346 4112 478 4169 conditam
492 4125 550 4183 ηιξ.
782 4119 840 4187 XI,
853 4122 899 4185 13,
917 4140 957 4174 ιο.
