2967 4684
418 324 797 394 srsrosmsun
821 326 979 397 uteru
1003 326 1069 396 ιι.
1203 310 1292 397 231'

216 449 304 523 alios
319 451 361 519 in
377 450 582 519 societatem
599 447 758 543 recepit:
771 445 849 517 aliis
865 470 1017 543 regnum
1035 446 1184 537 ademit,
1200 448 1273 520 suf-

215 560 319 633 fectis
342 560 381 629 in
405 557 485 629 loca
508 580 635 628 eorum
659 558 763 628 novis
784 556 939 654 regibus.
966 560 1121 653 Insignis
1145 574 1301 657 praetere

217 685 364 743 caeteros
381 666 450 739 luit
466 666 753 763 Abdolonymus,
764 691 829 738 rex
842 666 890 737 ab
903 667 1107 739 Alexandro
1119 669 1272 741 Sidoniae

217 782 444 853 constitutus.
458 780 574 869 Quem
590 776 803 863 Alexander,
816 800 930 874 quum
943 800 1090 876 operam
1105 777 1301 860 oblocareo

217 890 263 963 ad
275 902 403 988 puteos
420 886 700 972 exhauriendos,
713 885 913 984 hortosque
930 887 1132 984 irrigandos
1150 889 1274 960 solitus

217 1013 326 1086 esset,
336 1000 465 1069 misere
475 1000 582 1069 vitam
596 995 846 1085 exhibentem,
856 1020 976 1094 regem
988 996 1136 1085 fecerat,
1147 1003 1274 1097 spretis

217 1107 420 1194 nobilibus,
436 1132 483 1179 ne
501 1110 642 1205 generis
658 1107 714 1195 id,
731 1132 809 1179 non
826 1107 945 1179 dantis
969 1106 1188 1181 beneficium
1206 1136 1273 1209 pu-

217 1233 345 1291 tarent.
354 1220 544 1313 Tyriorum
557 1218 678 1317 civitas
688 1241 802 1315 quum
812 1241 986 1289 coronam
998 1242 1142 1289 auream
1151 1222 1274 1317 magni
1287 1246 1320 1283 ιο

217 1329 390 1429 ponderis
405 1353 470 1427 per
488 1329 622 1425 legatos
638 1328 677 1398 in
696 1327 839 1402 titulum
857 1327 1104 1424 granulationis
1120 1327 1273 1399 Alexan-

217 1440 285 1513 dro
304 1442 593 1536 misisset,=grate
614 1462 764 1509 munere
786 1453 955 1536 accepto,
973 1439 1142 1533 «Tyrum
1164 1462 1201 1508 se
1221 1440 1274 1508 ire

123 1618 131 1631 ,
217 1550 308 1621 velle
329 1549 374 1620 ad
393 1566 477 1621 vota
498 1548 642 1621 Herculi
662 1546 894 1637 reddendam
910 1548 1009 1621 dixit
1027 1540 1149 1638 Quum
1169 1547 1273 1645 legati
1287 1579 1318 1617 ιι

217 1661 380 1731 «rectius
396 1659 435 1730 id
453 1684 536 1731 eum
554 1661 593 1729 in
612 1663 708 1755 Tyro
728 1673 847 1731 vetere
865 1674 903 1731 et
917 1661 1123 1756 antiquiore
1139 1658 1274 1758 templo

216 1767 395 1843 facturum
406 1770 616 1857 adicerent,
629 1772 668 1841 in
685 1769 921 1868 deprecantes
933 1770 1011 1865 ejus
1023 1772 1212 1841 introitum
1225 1773 1275 1841 ita

217 1885 365 1971 exarsit,
389 1893 431 1953 ut
455 1880 538 1952 urbi
562 1880 741 1952 excidium
765 1883 989 1951 minarenrr:
1009 1876 1274 1977 confestimque
1287 1910 1318 1945 ιι

217 1995 374 2065 exercitu
392 1992 517 2063 insulae
536 1991 733 2090 applicato,
747 2015 823 2061 non
840 1993 961 2059 minus
977 1991 1149 2061 animosis
1160 1989 1274 2084 Tyriis

217 2104 349 2177 fiducia
376 2102 746 2200 Carthaginiensium,
771 2099 868 2171 bello
896 2102 1085 2197 excipitur.
1113 2095 1275 2193 Augebat
1288 2112 1320 2164 ιι

217 2219 315 2287 enim
329 2217 443 2311 Tyriis
457 2206 597 2285 animos
614 2212 766 2283 Didonis
780 2208 1003 2306 exemplum,
1016 2231 1113 2303 qnae,
1125 2204 1274 2277 Cartha·

216 2325 302 2422 gine
324 2322 486 2411 condita,
507 2323 649 2394 tertiam
670 2335 809 2418 partem
830 2316 931 2389 orbis
951 2318 1150 2413 quaesisset;
1168 2330 1275 2412 turpe

218 2434 406 2518 ducentes,
417 2437 446 2505 si
459 2431 603 2503 feminis
615 2431 687 2501 suis
704 2430 786 2527 plus
801 2430 912 2500 animi
925 2426 1050 2498 fuisset
1068 2429 1108 2495 in
1121 2427 1273 2523 imperio
1334 2432 1337 2436 ’

217 2543 432 2645 quaerendo,
452 2566 560 2641 quam
580 2540 649 2611 sibi
669 2544 709 2610 in
725 2538 863 2611 tuenda
879 2536 1053 2609 libertate.
1067 2541 1195 2609 Amota
1209 2537 1273 2632 igi·
1288 2553 1321 2608 ιι
1349 2563 1352 2570 ’

216 2672 276 2727 tur
288 2652 423 2725 imbelli
439 2667 540 2724 aetate
558 2650 828 2750 Carthaginem,
841 2664 878 2723 et
891 2650 1068 2721 arcessitis
1080 2672 1166 2718 mox
1179 2648 1281 2718 auxi«

217 2764 292 2853 liis,
313 2788 391 2834 non
408 2780 547 2859 'magno
570 2776 652 2860 post
676 2776 839 2860 tempore
863 2784 929 2859 per
952 2758 1276 2857 proditionemca-

218 2890 377 2975 ptuntur.

253 3012 278 3063 8.
290 3010 476 3083 Abdolonymur.
487 3009 531 3063 Sic
544 3006 606 3061 dedi
620 3024 653 3061 ex
663 3004 724 3059 hld.
803 3022 845 3058 ιι.
871 3008 935 3075 Tyro
956 3014 1045 3055 oeten.
1066 3002 1118 3055 Per
1139 3018 1222 3053 annos
1245 3003 1276 3054 13

218 3090 317 3141 ceteris
328 3088 389 3143 edd.
405 3100 431 3141 et
444 3088 536 3151 Mss,
548 3098 578 3139 ut
590 3086 621 3137 lit
633 3086 662 3137 in
674 3102 725 3136 uo-
766 3094 937 3154 oppugnata,
949 3093 976 3133 et
989 3099 1059 3134 anno
1076 3079 1185 3133 demum
1197 3080 1277 3131 Urbis

219 3167 333 3219 minibus
342 3166 472 3239 propriis,
482 3165 551 3217 mire
558 3162 724 3217 valentibus.
769 3162 839 3225 163,
856 3172 1006 3233 expugnata
1024 3178 1040 3212 a
1057 3158 1278 3212 Ncbncadnezare

220 3246 260 3297 De
271 3264 300 3297 re
313 3245 382 3297 oonl.
396 3245 471 3296 Curt
483 3243 535 3307 1V,
549 3260 575 3306 t,
590 3258 633 3309 ¹93
647 3238 725 3293 Diod.
767 3239 921 3313 Babylonio.
933 3238 1009 3291 Nova
1020 3249 1107 3290 anum
1117 3238 1205 3308 'syrus
1215 3252 1279 3286 oon·

220 3322 318 3389 XVII,
332 3327 431 3394 dli-47,
447 3322 492 3375 ubi
507 3320 628 3375 scribitur
643 3318 726 3370 Ballo-
768 3316 822 3371 diu
836 3318 886 3369 fuit
898 3316 926 3367 in
940 3315 1032 3369 insula.

219 3421 312 3473 syrnos,
323 3402 358 3455 de
367 3420 422 3473 quo
431 3400 508 3454 docte
517 3398 620 3453 disserit
628 3396 727 3450 ibidem
805 3396 847 3449 13.
857 3394 967 3446 Didonis.
980 3396 1021 3446 De
1031 3410 1084 3464 qua
1094 3390 1203 3444 oonsnle
1215 3391 1278 3439 meta

224 3482 363 3551 Wmding.
380 3510 414 3521 --
432 3479 545 3530 Sidonio
567 3476 632 3529 Puta
652 3475 727 3530 urbis.
769 3470 1058 3534 listor.11andb.,vol.
1080 3488 1110 3534 ι,
1127 3483 1189 3540 pag.
1211 3482 1277 3533 1915

220 3559 271 3612 Vel
278 3560 337 3629 lege
345 3574 407 3611 cnm
414 3556 471 3611 MS.
481 3559 566 3627 Bong.
575 3554 671 3607 sidona
681 3570 727 3607 ιι).
768 3551 830 3605 ooll.
844 3548 911 3603 inlr·
924 3548 1038 3613 xvlu,
1051 3552 1083 3612 4,
1097 3547 1123 3600 3.
1134 3574 1168 3585 -
1180 3550 1277 3594 Ducen-

255 3654 281 3705 9.
298 3636 464 3689 &libonem
481 3636 575 3707 Aptius
587 3646 642 3699 ost,
655 3629 729 3704 quod
769 3642 812 3682 tes.
823 3626 990 3683 Consu-notio
1003 3624 1118 3696 postulat
1129 3620 1276 3686 domatibus,

220 3714 279 3767 Ald.
298 3712 728 3787 etmargoColoniensishabent,
768 3706 842 3780 quod
860 3708 915 3777 jam
936 3702 1054 3757 Gronov.
1077 3718 1142 3755 arus
1165 3700 1277 3751 monuit.

175 3806 178 3817 ·
221 3797 384 3866 argentam·
769 3788 844 3839 lime
853 3795 941 3836 antem
950 3780 1172 3834 constructionem
1180 3778 1277 3831 Nostro

257 3892 298 3926 ro.
311 3872 417 3926 Heracli.
428 3869 504 3925 Cotta
516 3868 587 3942 apud
600 3868 656 3921 Cic.
667 3866 728 3919 Nat.
769 3865 891 3919 usitatam
901 3863 956 3933 jam
969 3856 1093 3912 vidimus.
1108 3874 1154 3909 ιιι.

221 3946 727 4020 neor.111,16‚7:ouarmumules,
807 3950 848 4005 ι4.
867 3947 916 3994 Per
928 3938 1098 4011 proditiones.
1118 3938 1172 3989 Aut
1190 3936 1278 4007 potius

223 4030 322 4101 inquit,
334 4024 675 4097 cetlori'setAstarioefilim,
689 4026 731 4097 qui
770 4033 870 4094 septem
886 4019 994 4073 demum
1011 4033 1114 4069 memes
1132 4014 1280 4087 oppugnati

227 4113 283 4180 Tyri
294 4112 397 4161 maxime
409 4108 501 4159 coldur.
771 4100 805 4155 ad
827 4098 989 4155 deditionem
1004 4106 1153 4167 coguntur,
1166 4090 1283 4145 Diodon
