2967 4684
243 373 293 420 xu
494 345 728 417 LECTORI
754 347 1045 432 BENEVOLO.

163 565 166 578 .
243 499 398 586 varient
436 495 478 575 in
525 491 773 602 Thamyris,
826 489 871 570 T
864 492 1036 596 omens,
1082 479 1304 606 Tamyras]

251 633 445 738 Tamiris,
474 629 707 735 Phameris,
737 627 940 709 Tamaris.
961 625 1115 711 Contra
1139 652 1277 714 autern
1288 695 1302 737 ,

244 775 486 859 Latinorum
510 770 668 880 sequuti
695 765 1052 873 consuetudinem,
1078 765 1304 882 adspirari-

241 939 334 994 mus
360 905 545 991 nomina.
560 906 763 1012 Hadriae,
792 907 1032 1013 Hamilcar,
1053 908 1302 1014 Hannibal,

241 1049 473 1152 Hammon,
496 1047 582 1129 sine
601 1047 628 1127 a
647 1043 806 1128 Graecis
825 1045 1104 1158 pronunciata.

283 1183 369 1267 'Nil
389 1181 612 1266 dicendum
627 1181 679 1266 de
697 1181 1006 1289 additamentis,
1027 1186 1181 1268 scilicet
1199 1183 1304 1268 Pro-

239 1325 482 1435 legomenis,
500 1319 686 1436 Prologis
695 1386 707 1428 ,
727 1342 768 1405 et
784 1320 994 1405 Indicibus
1009 1355 1019 1403 ε
1034 1351 1124 1434 quae
1133 1314 1305 1434 quidem

240 1465 323 1546 fere
351 1465 492 1547 omnia
524 1466 671 1547 intacta
705 1462 922 1545 habuimus
934 1525 958 1566 ,¹
978 1461 1056 1542 nisi
1086 1458 1221 1572 quod,
1252 1458 1305 1542 de

240 1602 402 1688 Justino
423 1604 655 1688 testimonia
676 1621 766 1687 tum
786 1607 971 1685 veterum
991 1620 1082 1681 tum
1102 1600 1305 1683 recentio-

239 1774 351 1826 rum.
369 1746 616 1858 scriptorum
656 1740 963 1853 Prolegomenis
1000 1738 1305 1851 praemisimus3

239 1881 503 1993 paucissimas
534 1877 586 1960 ad
616 1877 813 1991 Prologus
845 1876 1005 1960 notulas
1033 1875 1305 1988 subjecimus3

239 2038 280 2100 et
308 2019 349 2100 in
370 2016 606 2122 Indicibus,
638 2047 729 2128 quae
758 2014 1006 2099 Germanice
1038 2014 1306 2129 explicaverat

239 2154 426 2261 Wetzel,
447 2155 612 2239 Gallice
633 2155 918 2269 expressimus.
952 2181 956 2190 ·

294 2292 375 2376 Sed
393 2294 580 2406 longiore
594 2314 633 2377 te
647 2295 887 2408 praefatione
905 2323 1134 2400 moramur,
1150 2297 1306 2409 optime

240 2431 390 2514 Lector
408 2464 418 2513 ι
435 2461 687 2542 quamquam
703 2451 843 2516 tamen
859 2435 902 2516 in
917 2436 1005 2549 ipso
1020 2437 1156 2519 statim
1174 2434 1307 2546 operis

239 2571 383 2652 limine
398 2566 449 2652 de
464 2572 661 2685 propositi
676 2571 804 2653 nostri
824 2574 979 2653 ratione
993 2593 1033 2652 te
1047 2570 1308 2653 admonitum

242 2707 460 2794 voluimus.
481 2705 525 2790 Si
545 2707 644 2820 quid
664 2737 759 2819 ergo
779 2707 882 2789 bene
900 2705 951 2790 de
975 2706 1138 2791 Justino
1165 2708 1305 2790 meriti

242 2849 393 2952 simus,
421 2846 593 2966 henigne
623 2849 920 2961 interpreteris,
951 2841 984 2930 si
1014 2844 1115 2959 quid
1138 2845 1309 2930 mendo-

244 3015 337 3068 sum
367 3014 614 3072 manuumve
645 2986 915 3096 reliquimus,
952 2986 1158 3098 ignoscere
1183 2985 1309 3090 velis,

171 3207 174 3213 ,
244 3120 515 3206 eruditissime
534 3123 706 3229 Lector,
724 3153 806 3236 qua
831 3152 907 3208 nos
936 3121 1053 3208 decet
1080 3122 1310 3227 modestia,

244 3291 448 3374 rogamus.
477 3259 717 3346 scribebam
743 3261 938 3367 Parisiis,
967 3264 1110 3346 mense
1134 3262 1309 3365 martio,

247 3429 496 3484 uncccmn.

1036 3469 1236 3620 uua.

288 3774 356 3828 Not.
366 3774 448 3831 Inter
458 3769 575 3830 codices
587 3791 623 3830 ex
635 3773 745 3848 quihus
757 3769 969 3828 Wetzelianum
982 3779 1094 3826 textum
1107 3741 1307 3827 recensuimus

248 3879 396 3936 notandus
418 3891 461 3936 est
483 3901 559 3938 unus
581 3881 746 3936 Thoanaeus
769 3877 866 3953 Regiae
889 3876 1080 3934 Bibliotheca
1103 3889 1119 3931 :⁴
1136 3893 1223 3950 quem
1242 3873 1306 3929 MS.

250 3987 367 4064 optima
380 3999 458 4046 uotae
470 3987 559 4047 tuan
574 3999 697 4046 testatur
710 3990 727 4044 J
728 4005 773 4046 ae.
790 3986 959 4046 Gronovius
970 3986 1010 4045 ud
1022 3986 1179 4045 Amineum
1191 3983 1243 4040 lib.
1258 3983 1290 4038 11

251 4115 316 4174 cap.
334 4114 371 4170 o,
384 4096 421 4154 de
437 4095 550 4174 Exped.
563 4098 646 4155 Alex.
659 4105 722 4152 not.
