2967 4684
283 410 331 458 xx
646 365 977 478 rnsmsronrt

284 531 366 598 nus,
380 515 417 576 et
428 515 553 576 auctor
561 499 645 573 libri
654 498 699 571 de
708 496 793 572 vitis
802 492 1105 591 Philosophorum
1113 519 1193 592 cap
1184 489 1341 581 .‚cxtv

282 609 494 703 adfirmant,
506 609 618 712 Trogi
629 606 847 704 ‹hscrpulum
859 601 979 676 fmsse
994 603 1178 676 Justmmn
1190 600 1346 676 libenter

281 725 447 830 sequitur
464 721 636 812 Orosius,
656 717 820 791 imitatur
837 715 929 796 Saxo
943 713 1227 803 Grammaticus,
1247 724 1289 793 ut
1305 708 1346 781 in

285 834 381 914 notis
401 833 447 921 ad
468 833 564 906 hunc
586 825 800 926 Stephanius
822 823 954 922 passim
976 837 1091 898 notat.
1112 825 1245 898 Parum
1262 847 1348 894 cre·-

182 928 184 936 .
285 945 396 1020 dibile
410 957 463 1016 est
471 941 617 1042 quod
608 967 647 1013 m
658 937 790 1012 Codice
801 934 1133 1038 Maglrabequrauo
1149 945 1238 1006 teste
1251 931 1345 1005 Abr.

285 1055 496 1148 Grouorio,
516 1051 693 1144 traditur,
709 1047 894 1134 lustinum
912 1044 1171 1144 Philosophum
1184 1042 1351 1116 celeber-

286 1165 424 1242 rimum
447 1177 488 1244 ,et
515 1161 630 1263 Trogi
654 1159 761 1232 luisse
785 1157 1030 1254 discipulum,
1056 1155 1174 1230 multo
1199 1153 1348 1244 miuus,

285 1271 601 1380 quodGualterius
612 1269 764 1362 Burleus
771 1267 931 1365 scripsit,
946 1265 1077 1347 filium.
1093 1265 1222 1338 Libros
1234 1261 1352 1362 Trogi

287 1387 334 1462 de
348 1383 576 1482 Animalibus
589 1381 712 1474 laudat
725 1377 907 1463 Charisius
918 1377 982 1449 lih.
1003 1379 1039 1468 l,
1059 1403 1097 1474 p.
1115 1401 1180 1474 793
1204 1372 1352 1471 respicit

287 1493 424 1578 Plinius
437 1493 602 1594 Trogum
617 1489 766 1584 laudans
777 1488 874 1580 Hist.
887 1489 978 1580 Vll,
994 1512 1073 1585 cap.
1090 1488 1128 1576 33
1143 1499 1180 1558 et
1195 1485 1259 1557 lib.
1275 1485 1352 1573 XI,

289 1605 369 1701 cap'.
388 1603 433 1676 52
456 1633 465 1673 ι
486 1601 549 1674 uhi
567 1616 750 1674 auctorem
765 1602 1018 1672 secenssimum
1036 1613 1158 1676 vocat.
1173 1594 1354 1673 Historias

291 1711 406 1812 Trogi
419 1725 625 1783 memorant
638 1709 861 1800 Priscianus,
877 1708 966 1781 item
983 1707 1142 1798 Plinius,
1162 1719 1198 1778 et
1213 1706 1252 1777 in
1265 1705 1356 1778 Vir-

293 1819 422 1922 gilium
441 1818 611 1910 ServiuS,
632 1817 780 1917 aliique.

342 1931 490 2002 Exstant
500 1929 744 2004 Historiarum
751 1927 1054 2028 Phidppicorum,
1066 1923 1220 2000 estotim
1229 1925 1359 1999 inundi

297 2039 486 2135 Originum
498 2052 533 2108 ct
547 2051 648 2112 terrae
659 2041 769 2126 situs,
783 2063 835 2108 ex
855 2039 972 2134 Trogo
985 2039 1359 2138 Pompeioearcerpta-

289 2173 375 2224 rum
392 2145 471 2220 libri
488 2146 636 2252 XLIV,
655 2173 675 2218 a
695 2093 805 2220 Nirio
800 2173 926 2248 usque
944 2148 991 2221 ad
1007 2148 1184 2221 Caesarem
1208 2149 1359 2250 Augus-

286 2273 400 2350 tum,
428 2255 496 2333 stab
526 2259 600 2357 q'uo
634 2255 779 2357 Trogus
807 2257 1027 2356 Pompeius,
1062 2259 1179 2356 patria
1209 2257 1358 2350 Gallus,

288 2367 532 2470 ‚philosophus
547 2393 588 2440 ac
602 2366 793 2443 historicus
804 2367 1059 2442 disertissimus
1078 2370 1220 2463 floruit,
1237 2369 1362 2442 totius·

297 2507 369 2580 que
398 2477 519 2568 orbis,
543 2477 608 2550 sed
633 2478 778 2551 Graecas
801 2480 1032 2576 potissimum
1059 2481 1222 2553 historias
1247 2479 1362 2552 latino

291 2613 467 2664 sermone
490 2591 538 2677 44
557 2587 804 2661 voluminibus
828 2590 1059 2684 composuit3
1079 2605 1116 2661 et
1137 2617 1158 2661 a
1176 2592 1363 2687 praecipuo

188 2715 192 2724 '
295 2709 539 2798 ‚argurnentm
559 2694 662 2796 regni
676 2719 810 2792 nempe
826 2696 1052 2769 Macedonici
1065 2697 1235 2790 historia,
1253 2718 1366 2798 quam
1424 2757 1428 2764 .

301 2837 323 2882 a
342 2807 437 2881 libro
456 2805 612 2903 septimo
626 2803 672 2874 ad
684 2803 1000 2907 quadragesimum
1019 2805 1181 2903 primum
1197 2805 1365 2908 exsequi-

301 2934 385 3011 tur,
409 2917 593 3020 Historias
607 2914 850 3017 Philippicas,
868 2917 1101 3016 Theopompi
1118 2919 1286 3018 exenrplo
1303 2917 1365 2989 in-

302 3023 458 3126 scripsit.
475 3028 618 3100 Harum
630 3053 690 3120 se,
705 3029 756 3100 ait
772 3028 955 3120 tustinus,
969 3057 1036 3129 per
1048 3032 1185 3124 otium,
1199 3056 1312 3132 quum
1326 3029 1365 3100 in

302 3141 395 3214 nrhc
417 3153 643 3231 versaretur„
666 3139 875 3242 dignissima
896 3167 1047 3243 quaeque
1070 3139 1277 3243 cognitione
1300 3167 1366 3212 ex-

306 3248 499 3346 cerpsisse,
513 3262 550 3321 et
561 3249 700 3323 omissis
714 3249 791 3342 his,
810 3277 891 3351 quae
904 3277 971 3324 nec
982 3253 1221 3354 cognoscendi
1231 3251 1368 3348 volup-

306 3375 381 3436 ute
393 3359 574 3461 jucunda,
590 3385 656 3433 nec
664 3359 832 3459 exemplo
841 3365 1036 3435 necessaria
1042 3363 1222 3463 judicaret
1231 3417 1244 3454 ,
1256 3363 1367 3436 breve

309 3469 424 3546 veluti
441 3471 574 3543 florum
592 3471 845 3569 corpusculum
866 3470 997 3545 secisse.
1019 3472 1264 3573 Suhjiciuntur
1280 3470 1303 3543 J
1306 3497 1369 3543 us-

306 3581 390 3654 tino
407 3581 446 3653 in
466 3579 653 3683 Bougarsii
671 3581 854 3674 editione,
876 3595 984 3683 atque
1001 3582 1086 3669 inde
1108 3583 1146 3654 in
1170 3582 1266 3674 aliis,
1281 3607 1367 3682 pro-

309 3689 404 3786 logi,
426 3695 498 3764 sive
515 3691 689 3792 periochae
710 3689 935 3766 lct'storr'amm
956 3693 1239 3795 Philippicarum
1262 3693 1370 3790 Trogi

308 3799 494 3899 Pompeii,
525 3802 701 3901 ejusmodi
733 3803 807 3874 fere
819 3859 832 3896 ,
860 3803 979 3904 qualia
1014 3805 1246 3878 historiarum
1273 3801 1368 3877 Livii
1459 3805 1460 3828 ¹

310 3923 526 4010 argumenta
546 3911 618 3988 suh
631 3911 727 3985 Flori
743 3914 894 3986 nomine
913 3917 1099 3988 hahemus.
1117 3914 1182 3987 Illa
1191 3970 1204 4008 ,
1230 3913 1368 4012 abipso

313 4021 407 4093 forte
425 4021 744 4124 profectaTrogo,
763 4038 860 4097 certe
876 4051 952 4098 non
970 4053 991 4097 a
1009 4025 1153 4098 Justino
1168 4025 1367 4113 elaborata,

313 4128 533 4221 ostendunt,
560 4131 745 4209 lustinum
770 4132 809 4206 in
833 4133 1002 4232 Epitome
1025 4163 1089 4208 sua
1115 4135 1275 4209 omisisse
1296 4159 1367 4206 non
