2967 4684
365 365 746 441 HISTORIARUM
770 373 928 444 LIBER
952 378 1071 447 XXV.
1175 375 1240 452 381

187 515 343 588 rumque
360 493 547 588 excipitur.
565 490 633 562 Sed
655 506 691 562 et
711 495 849 564 Graeeia
867 499 987 569 omnis
1012 498 1276 576 admirationes

187 602 348 674 nominis
366 602 458 694 ejus,
471 601 576 672 simul
594 615 630 672 et
646 625 769 673 rerum
787 602 957 678 adversus
975 613 1155 684 Romanos
1172 617 1249 685 Poe·

187 736 330 810 nosque
351 723 529 808 gestarum
548 711 659 808 gloria
678 715 850 801 attonita,
871 714 1066 788 adventum
1088 721 1165 816 ejus
1187 747 1248 793 ex-

187 821 383 922 spectabat.
396 823 554 892 Primum
565 821 615 892 illi
627 820 762 894 bellurn
776 822 946 896 adversus
958 830 1150 926 Spartanos
1161 830 1247 903 fuit:

186 933 252 1006 ubi
267 934 403 1029 majore
419 931 631 1020 mulierum,
649 957 759 1029 quam
776 934 956 1022 virorum,
971 937 1104 1008 virmte
1121 929 1276 1039 excep,

188 1059 266 1132 tus,
279 1042 510 1114 Ptolemaeum
526 1041 657 1128 filium,
674 1057 710 1112 et
724 1044 902 1114 exercitus
919 1059 1057 1142 partem
1074 1048 1249 1120 robustis-

188 1155 315 1224 simam
332 1154 458 1224 amisit.
477 1154 620 1250 Quippe
635 1157 862 1252 oppugnanti
880 1153 1029 1244 urbem,
1042 1157 1087 1228 ad
1101 1159 1276 1240 tutelam7

188 1269 310 1364 patriae
329 1279 429 1336 tauta
445 1263 639 1336 multitudo
655 1262 871 1336 seminarum
891 1270 1093 1356 concurrit,
1110 1284 1152 1341 ut
1169 1295 1248 1342 non

187 1375 316 1448 fortius
339 1379 473 1461 victis,
494 1400 603 1473 quam
628 1375 892 1464 verecundius,
915 1377 1108 1448 recederet.
1134 1385 1277 1452 Porrus

189 1486 437 1574 Ptolemaeum,
450 1484 564 1556 lilium
580 1486 671 1581 ejus,
684 1485 775 1556 adeo
791 1500 980 1557 strenuum
998 1501 1035 1557 et
1048 1512 1161 1559 manu
1173 1488 1248 1561 for-

187 1583 261 1668 tem
280 1594 388 1668 fuisse
412 1595 579 1684 tradunt,
602 1609 644 1667 ut
667 1594 796 1667 urbem
822 1600 1018 1694 Corcyram
1042 1621 1125 1667 curn
1149 1624 1249 1670 sexa-

187 1708 287 1804 ginta
305 1707 465 1804 ceperit:
483 1704 579 1777 idem
603 1705 727 1804 praelio
749 1706 867 1778 navali
884 1709 1183 1805 quinqueremem
1204 1735 1250 1780 ex

187 1817 321 1914 scapha
343 1841 427 1887 cum
450 1831 586 1915 septem
608 1815 808 1904 insiluerit,
827 1831 1042 1915 captamque
1067 1821 1249 1891 tenuerit:

186 1930 227 1998 in
249 1930 520 2028 oppugnatione
541 1951 688 2025 quoque
709 1931 968 2025 Spartanorum
985 1931 1159 2026 usquein
1175 1955 1280 2018 me·9

187 2036 284 2108 diam
298 2026 427 2110 urbem
443 2062 538 2140 equo
557 2038 779 2135 procurrerit
793 2063 800 2106 :
814 2037 938 2135 ibique
958 2063 1142 2111 concursu
1157 2041 1261 2113 mul·¹

187 2148 351 2219 titudinis
364 2145 575 2219 interfectus
590 2149 645 2218 sit.
659 2147 770 2243 Cujus
786 2172 919 2246 corpus
933 2162 974 2219 ut
988 2148 1143 2219 relatum
1156 2154 1248 2248 patri
1263 2191 1297 2224 ιο

188 2272 257 2348 est,
269 2259 397 2332 dixisse
411 2257 591 2356 Pyrrhum
606 2256 749 2346 ferunt,
764 2258 983 2355 «aliquanto
998 2257 1135 2330 tardius
1150 2285 1249 2343 euin,

189 2393 298 2466 quarn
311 2371 469 2441 timuerit
484 2373 579 2469 ipse,
593 2368 648 2439 vel
662 2371 843 2440 temeritas
856 2371 933 2465 ejus
947 2370 1140 2458 meruerit,
1153 2373 1249 2442 occi·
1308 2403 1311 2407 ·

189 2503 270 2550 sum
288 2503 403 2551 esse.»

236 2593 275 2661 V.
294 2591 472 2689 Repulsus
488 2615 509 2662 a
526 2588 709 2690 Spartanis
727 2579 892 2686 Pyrrhus
910 2597 1024 2688 Argos
1046 2595 1160 2692 petit:
1179 2593 1249 2684 ibi,
1264 2633 1276 2669 ι
1383 2635 1389 2644 x

188 2697 274 2772 dum
292 2705 514 2800 Antigonum
528 2705 567 2772 in
581 2699 673 2772 urbe
689 2699 850 2771 clausum
865 2725 1073 2800 expugnare
1086 2717 1250 2794 conatur,

187 2811 283 2884 inter
302 2811 585 2884 confertissimos
608 2809 867 2883 violentissime
889 2810 1082 2901 dimicans,
1099 2838 1184 2884 saxo
1205 2813 1250 2886 de

187 2923 300 2992 muris
319 2922 411 2993 ictus
430 2921 618 2995 occiditur.
634 2925 753 3020 Caput
770 2922 847 3017 ejus
868 2923 1052 3018 Antigono
1070 2922 1228 2996 refertur
1241 2951 1278 3006 t,

189 3035 252 3129 qui
271 3033 422 3104 victoria
444 3035 568 3104 mitius
590 3057 696 3119 usus,
716 3029 832 3102 filium
854 3031 930 3126 ejus
951 3031 1150 3122 Helenum,
1167 3060 1251 3106 cum
1328 3091 1335 3108 .

188 3141 344 3238 Epirotis
357 3142 425 3213 sibi
442 3141 623 3229 deditum,
639 3143 678 3211 in
693 3164 847 3237 regnum
863 3141 1017 3232 dimisit,
1034 3145 1141 3241 eique
1156 3147 1251 3217 inse·

188 3251 278 3348 pulti
297 3255 407 3350 patris
430 3277 510 3324 ossa
531 3254 571 3321 in
595 3254 747 3348 patriam
769 3249 959 3322 referenda
982 3252 1138 3325 tradidit
1161 3257 1280 3338 Satisa

174 3505 177 3512 ,
221 3449 354 3502 seeum
371 3449 482 3502 aum
499 3455 637 3521 sanam.
655 3447 695 3500 aa
739 3447 822 3500 mse.
841 3447 871 3500 en
890 3447 953 3500 ves
971 3447 1068 3520 unu
1086 3467 1143 3520 sp.
1161 3453 1249 3502 2⁶...
1347 3467 1350 3470 -
1462 3429 1465 3435 ’

188 3526 262 3600 quod
272 3529 401 3600 impulsus
410 3530 522 3582 fueratis
534 3529 697 3600 Cleonymo,
738 3527 818 3579 Auno
831 3526 912 3578 Urbis
923 3527 983 3590 482.

187 3605 302 3678 qucum
311 3609 380 3661 Areo
388 3605 423 3660 de
432 3624 517 3678 regno
527 3603 697 3678 disceptabat.
774 3603 811 3656 V.
823 3621 847 3656 ι.
858 3607 1014 3673 Antigonus.
1024 3603 1179 3658 Macedonia
1191 3607 1252 3678 pul·

186 3685 272 3737 Areus
286 3685 371 3752 mim,
384 3684 500 3740 Acrouti
518 3683 603 3749 filius,
616 3701 699 3755 φιιιιιι
740 3701 799 3736 sum
815 3683 889 3753 (esp.
904 3682 934 3746 3,
948 3685 1026 3751 5-8),
1039 3682 1154 3754 indeque
1166 3684 1211 3736 bic
1224 3699 1251 3738 et

187 3761 324 3815 Cleomeni
338 3781 387 3818 svo
399 3763 580 3827 successisset,
591 3761 635 3814 ille
649 3761 697 3814 bu·
740 3764 840 3833 Sparta
850 3773 878 3813 et
887 3759 964 3830 Argis
974 3777 1035 3812 eum
1043 3761 1138 3813 umido
1147 3761 1251 3815 fortiter

186 3936 326 4063 tentisssl,
344 3940 466 4068 conligit
485 3995 519 4049 ad
536 3937 695 4068 buucpPyr-
737 3997 869 4050 Veratius.
955 3934 976 3986 ὅ
1029 3937 1099 3990 'qu
1154 3937 1175 3991 p

186 4073 361 4148 rhum,hujus
367 4076 494 4128 auxilium
500 4075 696 4148 imploraturus.
774 4094 799 4127 a.
814 4075 938 4128 Helenum.
956 4073 1021 4146 cap.
1035 4075 1066 4141 3,
1081 4083 1106 4141 4.
1122 4105 1157 4118 -
1171 4077 1252 4131 hus

188 4151 267 4209 Coul.
279 4155 389 4208 Pansam
403 4153 464 4218 111,
476 4157 509 4222 ⁶3
523 4153 555 4220 1,
570 4153 600 4206 13
608 4171 617 4220 3
633 4152 697 4205 Plu·
737 4153 820 4205 Urbis
832 4150 946 4206 condito
960 4153 1020 4216 482.
