<?xml version="1.0" encoding="UTF-8"?>
<!DOCTYPE html PUBLIC "-//W3C//DTD XHTML 1.0 Transitional//EN"
    "http://www.w3.org/TR/xhtml1/DTD/xhtml1-transitional.dtd">
<html xmlns="http://www.w3.org/1999/xhtml" xml:lang="en" lang="en">
 <head>
  <title>
</title>
<meta http-equiv="Content-Type" content="text/html;charset=utf-8" />
  <meta name='ocr-system' content='tesseract 3.04.00' />
  <meta name='ocr-capabilities' content='ocr_page ocr_carea ocr_par ocr_line ocrx_word'/>
</head>
<body>
  <div class='ocr_page' id='page_1' title='image "./justinihistoria00lemagoog_0314.png"; bbox 0 0 2967 4684; ppageno 0'>
   <div class='ocr_carea' id='block_1_1' title="bbox 362 306 1244 408">
    <p class='ocr_par' dir='ltr' id='par_1_1' title="bbox 362 306 1244 408">
     <span class='ocr_line' id='line_1_1' title="bbox 362 306 1244 408; baseline 0.001 -29"><span class='ocrx_word' id='word_1_1' title='bbox 362 306 742 379; x_wconf 86' lang='lat' dir='ltr'>HISTORIARUM</span> <span class='ocrx_word' id='word_1_2' title='bbox 767 310 926 377; x_wconf 89' lang='lat' dir='ltr'><strong>LIBER</strong></span> <span class='ocrx_word' id='word_1_3' title='bbox 951 314 1053 380; x_wconf 86' lang='lat' dir='ltr'>XIV.</span> <span class='ocrx_word' id='word_1_4' title='bbox 1173 338 1244 408; x_wconf 76' lang='lat'>279</span> 
     </span>
    </p>
   </div>
   <div class='ocr_carea' id='block_1_2' title="bbox 179 428 1298 2303">
    <p class='ocr_par' dir='ltr' id='par_1_2' title="bbox 179 428 1298 2303">
     <span class='ocr_line' id='line_1_2' title="bbox 180 428 1243 526; baseline 0.001 -21"><span class='ocrx_word' id='word_1_5' title='bbox 180 454 341 505; x_wconf 89' lang='lat' dir='ltr'>sororem</span> <span class='ocrx_word' id='word_1_6' title='bbox 365 428 557 502; x_wconf 83' lang='lat' dir='ltr'><strong>Alexandri</strong></span> <span class='ocrx_word' id='word_1_7' title='bbox 581 430 724 526; x_wconf 84' lang='lat' dir='ltr'>Magni,</span> <span class='ocrx_word' id='word_1_8' title='bbox 741 444 783 499; x_wconf 91' lang='lat' dir='ltr'>ut</span> <span class='ocrx_word' id='word_1_9' title='bbox 805 430 882 525; x_wconf 86' lang='lat' dir='ltr'>ejus</span> <span class='ocrx_word' id='word_1_10' title='bbox 902 455 993 502; x_wconf 87' lang='lat' dir='ltr'>voce</span> <span class='ocrx_word' id='word_1_11' title='bbox 1012 438 1243 507; x_wconf 81' lang='lat' dir='ltr'>centuriones</span> 
     </span>
     <span class='ocr_line' id='line_1_3' title="bbox 179 537 1244 645; baseline 0.001 -31"><span class='ocrx_word' id='word_1_12' title='bbox 179 544 435 645; x_wconf 83' lang='lat' dir='ltr'>principesque</span> <span class='ocrx_word' id='word_1_13' title='bbox 451 537 702 627; x_wconf 84' lang='lat' dir='ltr'>confirmaret,</span> <span class='ocrx_word' id='word_1_14' title='bbox 716 540 998 626; x_wconf 82' lang='lat' dir='ltr'><strong>existimaturos,</strong></span> <span class='ocrx_word' id='word_1_15' title='bbox 1015 541 1067 611; x_wconf 92' lang='lat' dir='ltr'>ibi</span> <span class='ocrx_word' id='word_1_16' title='bbox 1082 546 1244 638; x_wconf 89' lang='lat' dir='ltr'>majesta-</span> 
     </span>
     <span class='ocr_line' id='line_1_4' title="bbox 180 648 1274 750; baseline -0.003 -25"><span class='ocrx_word' id='word_1_17' title='bbox 180 670 253 725; x_wconf 87' lang='lat' dir='ltr'>tem</span> <span class='ocrx_word' id='word_1_18' title='bbox 269 654 405 750; x_wconf 82' lang='lat' dir='ltr'>regiam</span> <span class='ocrx_word' id='word_1_19' title='bbox 420 652 529 738; x_wconf 90' lang='lat' dir='ltr'>verti,</span> <span class='ocrx_word' id='word_1_20' title='bbox 542 648 642 721; x_wconf 89' lang='lat' dir='ltr'>unde</span> <span class='ocrx_word' id='word_1_21' title='bbox 660 674 765 721; x_wconf 91' lang='lat' dir='ltr'>soror</span> <span class='ocrx_word' id='word_1_22' title='bbox 782 649 978 722; x_wconf 78' lang='lat' dir='ltr'>Alexandri</span> <span class='ocrx_word' id='word_1_23' title='bbox 996 666 1115 723; x_wconf 82' lang='lat' dir='ltr'>staret.</span> <span class='ocrx_word' id='word_1_24' title='bbox 1130 658 1274 726; x_wconf 84' lang='lat' dir='ltr'>Tantas</span> 
     </span>
     <span class='ocr_line' id='line_1_5' title="bbox 181 760 1246 864; baseline 0.002 -28"><span class='ocrx_word' id='word_1_25' title='bbox 181 766 366 837; x_wconf 86' lang='lat' dir='ltr'>veneratio</span> <span class='ocrx_word' id='word_1_26' title='bbox 386 761 646 859; x_wconf 82' lang='lat' dir='ltr'>magnitudinis</span> <span class='ocrx_word' id='word_1_27' title='bbox 667 760 861 833; x_wconf 81' lang='lat' dir='ltr'>Alexandri</span> <span class='ocrx_word' id='word_1_28' title='bbox 879 761 1032 852; x_wconf 78' lang='lat' dir='ltr'>erat,&#39;ut</span> <span class='ocrx_word' id='word_1_29' title='bbox 1053 767 1159 836; x_wconf 91' lang='lat' dir='ltr'>etiam</span> <span class='ocrx_word' id='word_1_30' title='bbox 1182 791 1246 864; x_wconf 90' lang='lat' dir='ltr'>per</span> 
     </span>
     <span class='ocr_line' id='line_1_6' title="bbox 183 870 1246 973; baseline 0.004 -30"><span class='ocrx_word' id='word_1_31' title='bbox 183 874 327 971; x_wconf 83' lang='lat' dir='ltr'>vestigia</span> <span class='ocrx_word' id='word_1_32' title='bbox 343 872 536 943; x_wconf 82' lang='lat' dir='ltr'>mulierum</span> <span class='ocrx_word' id='word_1_33' title='bbox 555 870 656 941; x_wconf 85' lang='lat' dir='ltr'>lavor</span> <span class='ocrx_word' id='word_1_34' title='bbox 678 875 807 943; x_wconf 87' lang='lat' dir='ltr'>sacrati</span> <span class='ocrx_word' id='word_1_35' title='bbox 829 874 906 969; x_wconf 88' lang='lat' dir='ltr'>ejus</span> <span class='ocrx_word' id='word_1_36' title='bbox 926 878 1086 947; x_wconf 89' lang='lat' dir='ltr'>nominis</span> <span class='ocrx_word' id='word_1_37' title='bbox 1110 902 1246 973; x_wconf 74' lang='lat' dir='ltr'>quaere·</span> 
     </span>
     <span class='ocr_line' id='line_1_7' title="bbox 182 985 1276 1084; baseline 0.003 -26"><span class='ocrx_word' id='word_1_38' title='bbox 182 1002 291 1058; x_wconf 91' lang='lat' dir='ltr'>retur.</span> <span class='ocrx_word' id='word_1_39' title='bbox 313 986 435 1075; x_wconf 86' lang='lat' dir='ltr'>Quum</span> <span class='ocrx_word' id='word_1_40' title='bbox 459 1007 623 1055; x_wconf 84' lang='lat' dir='ltr'>reversus</span> <span class='ocrx_word' id='word_1_41' title='bbox 647 985 684 1053; x_wconf 89' lang='lat' dir='ltr'>in</span> <span class='ocrx_word' id='word_1_42' title='bbox 708 1000 827 1056; x_wconf 87' lang='lat' dir='ltr'>castra</span> <span class='ocrx_word' id='word_1_43' title='bbox 849 1000 961 1071; x_wconf 90' lang='lat' dir='ltr'>esset,</span> <span class='ocrx_word' id='word_1_44' title='bbox 981 985 1139 1084; x_wconf 87' lang='lat' dir='ltr'>epistolae</span> <span class='ocrx_word' id='word_1_45' title='bbox 1163 991 1276 1061; x_wconf 82' lang='lat' dir='ltr'>totiss</span> 
     </span>
     <span class='ocr_line' id='line_1_8' title="bbox 184 1093 1248 1193; baseline 0.002 -26"><span class='ocrx_word' id='word_1_46' title='bbox 184 1097 307 1167; x_wconf 85' lang='lat' dir='ltr'>castris</span> <span class='ocrx_word' id='word_1_47' title='bbox 326 1094 473 1191; x_wconf 69' lang='lat' dir='ltr'>abjecta</span> <span class='ocrx_word' id='word_1_48' title='bbox 490 1094 749 1165; x_wconf 86' lang='lat' dir='ltr'>inveniuntur:</span> <span class='ocrx_word' id='word_1_49' title='bbox 765 1093 899 1193; x_wconf 88' lang='lat' dir='ltr'>quibus</span> <span class='ocrx_word' id='word_1_50' title='bbox 915 1096 977 1183; x_wconf 91' lang='lat' dir='ltr'>iis,</span> <span class='ocrx_word' id='word_1_51' title='bbox 995 1099 1059 1193; x_wconf 90' lang='lat' dir='ltr'>qui</span> <span class='ocrx_word' id='word_1_52' title='bbox 1075 1101 1248 1170; x_wconf 86' lang='lat' dir='ltr'>Eumenis</span> 
     </span>
     <span class='ocr_line' id='line_1_9' title="bbox 185 1204 1248 1307; baseline 0.001 -29"><span class='ocrx_word' id='word_1_53' title='bbox 185 1222 293 1307; x_wconf 90' lang='lat' dir='ltr'>caput</span> <span class='ocrx_word' id='word_1_54' title='bbox 310 1206 356 1277; x_wconf 91' lang='lat' dir='ltr'>ad</span> <span class='ocrx_word' id='word_1_55' title='bbox 372 1208 596 1302; x_wconf 79' lang='lat' dir='ltr'>Antigonum</span> <span class='ocrx_word' id='word_1_56' title='bbox 614 1204 846 1292; x_wconf 86' lang='lat' dir='ltr'>detulissent,</span> <span class='ocrx_word' id='word_1_57' title='bbox 864 1230 994 1305; x_wconf 82' lang='lat' dir='ltr'>magna</span> <span class='ocrx_word' id='word_1_58' title='bbox 1018 1210 1165 1304; x_wconf 81' lang='lat' dir='ltr'>praemia</span> <span class='ocrx_word' id='word_1_59' title='bbox 1187 1208 1248 1279; x_wconf 93' lang='lat' dir='ltr'>de·</span> 
     </span>
     <span class='ocr_line' id='line_1_10' title="bbox 185 1316 1295 1413; baseline 0.001 -24"><span class='ocrx_word' id='word_1_60' title='bbox 185 1316 417 1390; x_wconf 86' lang='lat' dir='ltr'>finiebantur.</span> <span class='ocrx_word' id='word_1_61' title='bbox 443 1318 506 1389; x_wconf 84' lang='lat' dir='ltr'>llis</span> <span class='ocrx_word' id='word_1_62' title='bbox 534 1316 706 1413; x_wconf 87' lang='lat' dir='ltr'>cognitis,</span> <span class='ocrx_word' id='word_1_63' title='bbox 727 1320 924 1405; x_wconf 85' lang='lat' dir='ltr'>Eumenes,</span> <span class='ocrx_word' id='word_1_64' title='bbox 940 1319 1077 1389; x_wconf 81' lang='lat' dir='ltr'>vocatis</span> <span class='ocrx_word' id='word_1_65' title='bbox 1095 1317 1141 1389; x_wconf 90' lang='lat' dir='ltr'>ad</span> <span class='ocrx_word' id='word_1_66' title='bbox 1160 1344 1249 1390; x_wconf 92' lang='lat' dir='ltr'>con·</span> <span class='ocrx_word' id='word_1_67' title='bbox 1263 1341 1295 1376; x_wconf 81' lang='lat'>¹0</span> 
     </span>
     <span class='ocr_line' id='line_1_11' title="bbox 186 1427 1248 1525; baseline -0.002 -23"><span class='ocrx_word' id='word_1_68' title='bbox 186 1435 327 1503; x_wconf 90' lang='lat' dir='ltr'>cionem</span> <span class='ocrx_word' id='word_1_69' title='bbox 353 1428 546 1516; x_wconf 87' lang='lat' dir='ltr'>militibus,</span> <span class='ocrx_word' id='word_1_70' title='bbox 568 1430 687 1525; x_wconf 90' lang='lat' dir='ltr'>primo</span> <span class='ocrx_word' id='word_1_71' title='bbox 713 1429 844 1525; x_wconf 85' lang='lat' dir='ltr'>gratias</span> <span class='ocrx_word' id='word_1_72' title='bbox 867 1430 957 1524; x_wconf 86' lang='lat' dir='ltr'>agit,</span> <span class='ocrx_word' id='word_1_73' title='bbox 979 1427 1114 1524; x_wconf 83' lang='lat' dir='ltr'>«quod</span> <span class='ocrx_word' id='word_1_74' title='bbox 1138 1455 1248 1500; x_wconf 92' lang='lat' dir='ltr'>nemo</span> 
     </span>
     <span class='ocr_line' id='line_1_12' title="bbox 185 1535 1249 1638; baseline -0.002 -27"><span class='ocrx_word' id='word_1_75' title='bbox 185 1544 356 1613; x_wconf 83' lang='lat' dir='ltr'>inventus</span> <span class='ocrx_word' id='word_1_76' title='bbox 378 1555 489 1628; x_wconf 89' lang='lat' dir='ltr'>esset,</span> <span class='ocrx_word' id='word_1_77' title='bbox 507 1540 572 1638; x_wconf 90' lang='lat' dir='ltr'>qui</span> <span class='ocrx_word' id='word_1_78' title='bbox 590 1562 692 1636; x_wconf 90' lang='lat' dir='ltr'>spem</span> <span class='ocrx_word' id='word_1_79' title='bbox 710 1539 853 1609; x_wconf 89' lang='lat' dir='ltr'>cruenti</span> <span class='ocrx_word' id='word_1_80' title='bbox 872 1538 1008 1636; x_wconf 84' lang='lat' dir='ltr'>praemii</span> <span class='ocrx_word' id='word_1_81' title='bbox 1028 1535 1115 1609; x_wconf 84' lang='lat' dir='ltr'>fidei</span> <span class='ocrx_word' id='word_1_82' title='bbox 1133 1564 1249 1610; x_wconf 86' lang='lat' dir='ltr'>sacra·</span> 
     </span>
     <span class='ocr_line' id='line_1_13' title="bbox 186 1642 1294 1751; baseline -0.003 -27"><span class='ocrx_word' id='word_1_83' title='bbox 186 1642 312 1724; x_wconf 87' lang='lat' dir='ltr'>mento</span> <span class='ocrx_word' id='word_1_84' title='bbox 324 1663 581 1751; x_wconf 87' lang='lat' dir='ltr'>anteponeret:</span> <span class='ocrx_word' id='word_1_85' title='bbox 593 1680 611 1717; x_wconf 79' lang='lat' dir='ltr'>u</span> <span class='ocrx_word' id='word_1_86' title='bbox 626 1650 758 1721; x_wconf 90' lang='lat' dir='ltr'>deinde</span> <span class='ocrx_word' id='word_1_87' title='bbox 774 1647 903 1722; x_wconf 88' lang='lat' dir='ltr'>callide</span> <span class='ocrx_word' id='word_1_88' title='bbox 920 1648 1120 1737; x_wconf 87' lang='lat' dir='ltr'>subnectit,</span> <span class='ocrx_word' id='word_1_89' title='bbox 1133 1680 1150 1714; x_wconf 74' lang='grc' dir='ltr'>(ι</span> <span class='ocrx_word' id='word_1_90' title='bbox 1165 1676 1251 1721; x_wconf 91' lang='lat' dir='ltr'>con·</span> <span class='ocrx_word' id='word_1_91' title='bbox 1264 1677 1294 1712; x_wconf 86' lang='lat'>11</span> 
     </span>
     <span class='ocr_line' id='line_1_14' title="bbox 187 1758 1250 1860; baseline -0.004 -27"><span class='ocrx_word' id='word_1_92' title='bbox 187 1761 288 1835; x_wconf 86' lang='lat' dir='ltr'>fictas</span> <span class='ocrx_word' id='word_1_93' title='bbox 306 1762 372 1835; x_wconf 90' lang='lat' dir='ltr'>has</span> <span class='ocrx_word' id='word_1_94' title='bbox 390 1788 410 1834; x_wconf 91' lang='lat' dir='ltr'>a</span> <span class='ocrx_word' id='word_1_95' title='bbox 429 1787 467 1833; x_wconf 90' lang='lat' dir='ltr'>se</span> <span class='ocrx_word' id='word_1_96' title='bbox 485 1762 653 1860; x_wconf 84' lang='lat' dir='ltr'>epistolas</span> <span class='ocrx_word' id='word_1_97' title='bbox 672 1760 716 1832; x_wconf 92' lang='lat' dir='ltr'>ad</span> <span class='ocrx_word' id='word_1_98' title='bbox 739 1758 978 1859; x_wconf 81' lang='lat' dir='ltr'>experiendos</span> <span class='ocrx_word' id='word_1_99' title='bbox 999 1785 1150 1831; x_wconf 90' lang='lat' dir='ltr'>suorum</span> <span class='ocrx_word' id='word_1_100' title='bbox 1173 1763 1250 1831; x_wconf 89' lang='lat' dir='ltr'>ani·</span> 
     </span>
     <span class='ocr_line' id='line_1_15' title="bbox 187 1872 1296 1970; baseline -0.003 -26"><span class='ocrx_word' id='word_1_101' title='bbox 187 1898 265 1947; x_wconf 91' lang='lat' dir='ltr'>mos</span> <span class='ocrx_word' id='word_1_102' title='bbox 276 1900 362 1946; x_wconf 86' lang='lat' dir='ltr'>esse.</span> <span class='ocrx_word' id='word_1_103' title='bbox 374 1878 551 1945; x_wconf 80' lang='lat' dir='ltr'>Caeterum</span> <span class='ocrx_word' id='word_1_104' title='bbox 564 1872 714 1944; x_wconf 89' lang='lat' dir='ltr'>salutem</span> <span class='ocrx_word' id='word_1_105' title='bbox 727 1896 828 1943; x_wconf 87' lang='lat' dir='ltr'>suam</span> <span class='ocrx_word' id='word_1_106' title='bbox 842 1873 881 1942; x_wconf 92' lang='lat' dir='ltr'>in</span> <span class='ocrx_word' id='word_1_107' title='bbox 896 1873 1061 1942; x_wconf 90' lang='lat' dir='ltr'>omnium</span> <span class='ocrx_word' id='word_1_108' title='bbox 1075 1885 1251 1970; x_wconf 87' lang='lat' dir='ltr'>potestate</span> <span class='ocrx_word' id='word_1_109' title='bbox 1267 1899 1296 1933; x_wconf 77' lang='grc' dir='ltr'>ιι</span> 
     </span>
     <span class='ocr_line' id='line_1_16' title="bbox 188 1978 1252 2083; baseline -0.007 -26"><span class='ocrx_word' id='word_1_110' title='bbox 188 2010 281 2073; x_wconf 84' lang='lat' dir='ltr'>esse3</span> <span class='ocrx_word' id='word_1_111' title='bbox 297 2010 366 2057; x_wconf 91' lang='lat' dir='ltr'>nec</span> <span class='ocrx_word' id='word_1_112' title='bbox 383 1987 623 2083; x_wconf 84' lang='lat' dir='ltr'>Antigonum,</span> <span class='ocrx_word' id='word_1_113' title='bbox 636 2007 706 2053; x_wconf 90' lang='lat' dir='ltr'>nec</span> <span class='ocrx_word' id='word_1_114' title='bbox 718 2006 928 2079; x_wconf 89' lang='lat' dir='ltr'>quenquam</span> <span class='ocrx_word' id='word_1_115' title='bbox 947 1980 1083 2052; x_wconf 90' lang='lat' dir='ltr'>ducum</span> <span class='ocrx_word' id='word_1_116' title='bbox 1096 1982 1147 2051; x_wconf 91' lang='lat' dir='ltr'>sic</span> <span class='ocrx_word' id='word_1_117' title='bbox 1162 1978 1252 2050; x_wconf 86' lang='lat' dir='ltr'>velle</span> 
     </span>
     <span class='ocr_line' id='line_1_17' title="bbox 187 2092 1252 2193; baseline -0.008 -30"><span class='ocrx_word' id='word_1_118' title='bbox 187 2098 351 2183; x_wconf 87' lang='lat' dir='ltr'>vincere,</span> <span class='ocrx_word' id='word_1_119' title='bbox 366 2110 408 2167; x_wconf 93' lang='lat' dir='ltr'>ut</span> <span class='ocrx_word' id='word_1_120' title='bbox 425 2097 501 2193; x_wconf 88' lang='lat' dir='ltr'>ipse</span> <span class='ocrx_word' id='word_1_121' title='bbox 518 2097 556 2165; x_wconf 91' lang='lat' dir='ltr'>in</span> <span class='ocrx_word' id='word_1_122' title='bbox 577 2118 614 2165; x_wconf 91' lang='lat' dir='ltr'>se</span> <span class='ocrx_word' id='word_1_123' title='bbox 637 2092 842 2189; x_wconf 86' lang='lat' dir='ltr'>exemplum</span> <span class='ocrx_word' id='word_1_124' title='bbox 865 2092 1061 2189; x_wconf 89' lang='lat' dir='ltr'>pessimum</span> <span class='ocrx_word' id='word_1_125' title='bbox 1081 2103 1252 2160; x_wconf 79' lang='lat' dir='ltr'>statuat»</span> 
     </span>
     <span class='ocr_line' id='line_1_18' title="bbox 188 2198 1298 2303; baseline -0.014 -24"><span class='ocrx_word' id='word_1_126' title='bbox 188 2213 265 2278; x_wconf 87' lang='lat' dir='ltr'>Hoc</span> <span class='ocrx_word' id='word_1_127' title='bbox 283 2205 397 2295; x_wconf 86' lang='lat' dir='ltr'>facto,</span> <span class='ocrx_word' id='word_1_128' title='bbox 411 2220 447 2278; x_wconf 91' lang='lat' dir='ltr'>et</span> <span class='ocrx_word' id='word_1_129' title='bbox 464 2210 502 2276; x_wconf 91' lang='lat' dir='ltr'>in</span> <span class='ocrx_word' id='word_1_130' title='bbox 522 2204 689 2303; x_wconf 67' lang='lat' dir='ltr'>praesenti</span> <span class='ocrx_word' id='word_1_131' title='bbox 707 2201 908 2272; x_wconf 89' lang='lat' dir='ltr'>labantium</span> <span class='ocrx_word' id='word_1_132' title='bbox 925 2201 1068 2270; x_wconf 90' lang='lat' dir='ltr'>animos</span> <span class='ocrx_word' id='word_1_133' title='bbox 1081 2198 1252 2287; x_wconf 88' lang='lat' dir='ltr'>retinuit,</span> <span class='ocrx_word' id='word_1_134' title='bbox 1266 2212 1298 2265; x_wconf 71' lang='grc' dir='ltr'>ιι</span> 
     </span>
    </p>
   </div>
   <div class='ocr_carea' id='block_1_3' title="bbox 189 2305 1254 2520">
    <p class='ocr_par' dir='ltr' id='par_1_3' title="bbox 189 2305 1254 2520">
     <span class='ocr_line' id='line_1_19' title="bbox 189 2305 1254 2416; baseline -0.009 -28"><span class='ocrx_word' id='word_1_135' title='bbox 189 2321 282 2389; x_wconf 90' lang='lat' dir='ltr'>etin</span> <span class='ocrx_word' id='word_1_136' title='bbox 301 2317 464 2389; x_wconf 81' lang='lat' dir='ltr'>[uturum</span> <span class='ocrx_word' id='word_1_137' title='bbox 482 2314 660 2416; x_wconf 89' lang='lat' dir='ltr'>providit,</span> <span class='ocrx_word' id='word_1_138' title='bbox 676 2324 735 2399; x_wconf 85' lang='lat' dir='ltr'>ut,</span> <span class='ocrx_word' id='word_1_139' title='bbox 755 2311 785 2380; x_wconf 93' lang='lat' dir='ltr'>si</span> <span class='ocrx_word' id='word_1_140' title='bbox 805 2310 896 2408; x_wconf 88' lang='lat' dir='ltr'>quid</span> <span class='ocrx_word' id='word_1_141' title='bbox 915 2308 1031 2379; x_wconf 91' lang='lat' dir='ltr'>simile</span> <span class='ocrx_word' id='word_1_142' title='bbox 1050 2305 1254 2397; x_wconf 89' lang='lat' dir='ltr'>accidisset,</span> 
     </span>
     <span class='ocr_line' id='line_1_20' title="bbox 190 2418 1254 2520; baseline -0.011 -21"><span class='ocrx_word' id='word_1_143' title='bbox 190 2453 268 2501; x_wconf 92' lang='lat' dir='ltr'>non</span> <span class='ocrx_word' id='word_1_144' title='bbox 286 2452 323 2499; x_wconf 92' lang='lat' dir='ltr'>se</span> <span class='ocrx_word' id='word_1_145' title='bbox 337 2427 383 2498; x_wconf 84' lang='lat' dir='ltr'>ab</span> <span class='ocrx_word' id='word_1_146' title='bbox 400 2426 505 2498; x_wconf 94' lang='lat' dir='ltr'>hoste</span> <span class='ocrx_word' id='word_1_147' title='bbox 527 2424 731 2520; x_wconf 89' lang='lat' dir='ltr'>corrumpi,</span> <span class='ocrx_word' id='word_1_148' title='bbox 749 2420 813 2492; x_wconf 91' lang='lat' dir='ltr'>sed</span> <span class='ocrx_word' id='word_1_149' title='bbox 828 2419 875 2491; x_wconf 89' lang='lat' dir='ltr'>ab</span> <span class='ocrx_word' id='word_1_150' title='bbox 894 2418 986 2490; x_wconf 88' lang='lat' dir='ltr'>duce</span> <span class='ocrx_word' id='word_1_151' title='bbox 1007 2419 1139 2488; x_wconf 90' lang='lat' dir='ltr'>tentari</span> <span class='ocrx_word' id='word_1_152' title='bbox 1161 2418 1254 2488; x_wconf 91' lang='lat' dir='ltr'>arbi·</span> 
     </span>
    </p>
   </div>
   <div class='ocr_carea' id='block_1_4' title="bbox 144 2604 1260 4172">
    <p class='ocr_par' dir='ltr' id='par_1_4' title="bbox 178 2604 1257 2993">
     <span class='ocr_line' id='line_1_21' title="bbox 190 2604 1253 2683; baseline -0.006 -20"><span class='ocrx_word' id='word_1_153' title='bbox 190 2643 223 2655; x_wconf 90' lang='lat'><em>-</em></span> <span class='ocrx_word' id='word_1_154' title='bbox 237 2613 393 2683; x_wconf 74' lang='lat' dir='ltr'>Cleopatram.</span> <span class='ocrx_word' id='word_1_155' title='bbox 407 2608 495 2675; x_wconf 90' lang='lat' dir='ltr'>XIII,</span> <span class='ocrx_word' id='word_1_156' title='bbox 507 2612 538 2676; x_wconf 81' lang='lat'>6,</span> <span class='ocrx_word' id='word_1_157' title='bbox 552 2614 577 2671; x_wconf 70' lang='lat'>4.</span> <span class='ocrx_word' id='word_1_158' title='bbox 589 2638 623 2649; x_wconf 92' lang='lat'><em>-</em></span> <span class='ocrx_word' id='word_1_159' title='bbox 637 2610 700 2657; x_wconf 82' lang='lat' dir='ltr'>Cen·</span> <span class='ocrx_word' id='word_1_160' title='bbox 740 2604 877 2659; x_wconf 85' lang='lat' dir='ltr'>neratione</span> <span class='ocrx_word' id='word_1_161' title='bbox 892 2604 990 2667; x_wconf 79' lang='lat' dir='ltr'>milites</span> <span class='ocrx_word' id='word_1_162' title='bbox 1006 2617 1033 2658; x_wconf 89' lang='lat' dir='ltr'>et</span> <span class='ocrx_word' id='word_1_163' title='bbox 1052 2622 1125 2658; x_wconf 86' lang='lat' dir='ltr'>nunc</span> <span class='ocrx_word' id='word_1_164' title='bbox 1141 2605 1253 2657; x_wconf 75' lang='lat' dir='ltr'>Alexan·</span> 
     </span>
     <span class='ocr_line' id='line_1_22' title="bbox 191 2682 1255 2754; baseline -0.008 -11"><span class='ocrx_word' id='word_1_165' title='bbox 191 2695 301 2743; x_wconf 76' lang='lat' dir='ltr'>tutiores.</span> <span class='ocrx_word' id='word_1_166' title='bbox 321 2688 376 2754; x_wconf 86' lang='lat' dir='ltr'>Qui</span> <span class='ocrx_word' id='word_1_167' title='bbox 397 2687 493 2741; x_wconf 73' lang='lat' dir='ltr'>Grecis</span> <span class='ocrx_word' id='word_1_168' title='bbox 513 2698 574 2739; x_wconf 86' lang='lat' dir='ltr'>sunt</span> <span class='ocrx_word' id='word_1_169' title='bbox 596 2682 697 2739; x_wconf 69' lang='lat' dir='ltr'>iteris·</span> <span class='ocrx_word' id='word_1_170' title='bbox 740 2682 820 2736; x_wconf 85' lang='lat' dir='ltr'>dmm</span> <span class='ocrx_word' id='word_1_171' title='bbox 837 2684 902 2735; x_wconf 87' lang='lat' dir='ltr'>olim</span> <span class='ocrx_word' id='word_1_172' title='bbox 919 2698 996 2734; x_wconf 86' lang='lat' dir='ltr'>suum</span> <span class='ocrx_word' id='word_1_173' title='bbox 1014 2682 1255 2753; x_wconf 76' lang='lat' dir='ltr'>prosequebantur,</span> 
     </span>
     <span class='ocr_line' id='line_1_23' title="bbox 191 2760 1254 2838; baseline -0.01 -15"><span class='ocrx_word' id='word_1_174' title='bbox 191 2788 293 2838; x_wconf 63' lang='lat' dir='ltr'>remes.</span> <span class='ocrx_word' id='word_1_175' title='bbox 303 2798 338 2807; x_wconf 89' lang='lat'>—</span> <span class='ocrx_word' id='word_1_176' title='bbox 346 2768 476 2837; x_wconf 66' lang='lat' dir='ltr'>Prrneioer.</span> <span class='ocrx_word' id='word_1_177' title='bbox 488 2766 582 2817; x_wconf 83' lang='lat' dir='ltr'>Duces.</span> <span class='ocrx_word' id='word_1_178' title='bbox 592 2794 626 2803; x_wconf 89' lang='lat'><em>-</em></span> <span class='ocrx_word' id='word_1_179' title='bbox 639 2766 702 2814; x_wconf 83' lang='lat' dir='ltr'>Con·</span> <span class='ocrx_word' id='word_1_180' title='bbox 740 2774 772 2815; x_wconf 88' lang='lat' dir='ltr'>nt</span> <span class='ocrx_word' id='word_1_181' title='bbox 784 2762 916 2814; x_wconf 82' lang='lat' dir='ltr'>Eumenes</span> <span class='ocrx_word' id='word_1_182' title='bbox 930 2760 1008 2813; x_wconf 82' lang='lat' dir='ltr'>etiam</span> <span class='ocrx_word' id='word_1_183' title='bbox 1021 2779 1070 2831; x_wconf 87' lang='lat' dir='ltr'>per</span> <span class='ocrx_word' id='word_1_184' title='bbox 1082 2760 1163 2832; x_wconf 84' lang='lat' dir='ltr'>hujus</span> <span class='ocrx_word' id='word_1_185' title='bbox 1179 2780 1254 2812; x_wconf 87' lang='lat' dir='ltr'>soro·</span> 
     </span>
     <span class='ocr_line' id='line_1_24' title="bbox 193 2838 1255 2911; baseline -0.006 -14"><span class='ocrx_word' id='word_1_186' title='bbox 193 2842 701 2907; x_wconf 76' lang='lat' dir='ltr'>dnmret.ltarecteAld.,Junt.etunus</span> <span class='ocrx_word' id='word_1_187' title='bbox 740 2860 799 2893; x_wconf 82' lang='lat' dir='ltr'>rem</span> <span class='ocrx_word' id='word_1_188' title='bbox 820 2853 977 2911; x_wconf 64' lang='lat' dir='ltr'>presentem</span> <span class='ocrx_word' id='word_1_189' title='bbox 997 2838 1113 2891; x_wconf 84' lang='lat' dir='ltr'>militum</span> <span class='ocrx_word' id='word_1_190' title='bbox 1137 2839 1255 2892; x_wconf 77' lang='lat' dir='ltr'>savorem</span> 
     </span>
     <span class='ocr_line' id='line_1_25' title="bbox 178 2916 1257 2993; baseline -0.006 -17"><span class='ocrx_word' id='word_1_191' title='bbox 178 2924 269 2987; x_wconf 83' lang='lat' dir='ltr'>-cod.,</span> <span class='ocrx_word' id='word_1_192' title='bbox 291 2935 322 2975; x_wconf 88' lang='lat' dir='ltr'>ut</span> <span class='ocrx_word' id='word_1_193' title='bbox 342 2920 424 2973; x_wconf 83' lang='lat' dir='ltr'>Faber</span> <span class='ocrx_word' id='word_1_194' title='bbox 448 2940 555 2993; x_wconf 89' lang='lat' dir='ltr'>quoque</span> <span class='ocrx_word' id='word_1_195' title='bbox 579 2921 699 2993; x_wconf 81' lang='lat' dir='ltr'>conjecit</span> <span class='ocrx_word' id='word_1_196' title='bbox 742 2919 882 2972; x_wconf 83' lang='lat' dir='ltr'>conciliare</span> <span class='ocrx_word' id='word_1_197' title='bbox 892 2916 1257 2988; x_wconf 79' lang='lat' dir='ltr'>sibistuderet,persuadeus</span> 
     </span>
    </p>

    <p class='ocr_par' dir='ltr' id='par_1_5' title="bbox 144 2994 1260 4087">
     <span class='ocr_line' id='line_1_26' title="bbox 144 2994 1254 3076; baseline -0.009 -20"><span class='ocrx_word' id='word_1_198' title='bbox 144 3020 149 3037; x_wconf 81' lang='lat'>¹</span> <span class='ocrx_word' id='word_1_199' title='bbox 192 3005 273 3076; x_wconf 73' lang='lat' dir='ltr'>vulg.</span> <span class='ocrx_word' id='word_1_200' title='bbox 288 3000 358 3054; x_wconf 87' lang='lat' dir='ltr'>enirn</span> <span class='ocrx_word' id='word_1_201' title='bbox 374 2998 570 3070; x_wconf 69' lang='lat' dir='ltr'>confir-remutet</span> <span class='ocrx_word' id='word_1_202' title='bbox 582 3016 637 3051; x_wconf 90' lang='lat' dir='ltr'>non</span> <span class='ocrx_word' id='word_1_203' title='bbox 655 3016 700 3051; x_wconf 89' lang='lat' dir='ltr'>co·</span> <span class='ocrx_word' id='word_1_204' title='bbox 742 2996 901 3062; x_wconf 80' lang='lat' dir='ltr'>lais,divum</span> <span class='ocrx_word' id='word_1_205' title='bbox 909 2994 1254 3060; x_wconf 85' lang='lat' dir='ltr'>huncheroaibiessc,ubi</span> 
     </span>
     <span class='ocr_line' id='line_1_27' title="bbox 193 3074 1233 3151; baseline -0.009 -18"><span class='ocrx_word' id='word_1_206' title='bbox 193 3082 272 3135; x_wconf 68' lang='lat' dir='ltr'>haret</span> <span class='ocrx_word' id='word_1_207' title='bbox 282 3098 343 3133; x_wconf 84' lang='lat' dir='ltr'>cum</span> <span class='ocrx_word' id='word_1_208' title='bbox 355 3098 409 3151; x_wconf 87' lang='lat' dir='ltr'>seq.</span> <span class='ocrx_word' id='word_1_209' title='bbox 421 3096 507 3133; x_wconf 85' lang='lat' dir='ltr'>secus.</span> <span class='ocrx_word' id='word_1_210' title='bbox 517 3081 700 3140; x_wconf 71' lang='lat' dir='ltr'>extenuatum,</span> <span class='ocrx_word' id='word_1_211' title='bbox 742 3076 826 3149; x_wconf 86' lang='lat' dir='ltr'>ipsius</span> <span class='ocrx_word' id='word_1_212' title='bbox 839 3075 873 3127; x_wconf 91' lang='lat' dir='ltr'>sit</span> <span class='ocrx_word' id='word_1_213' title='bbox 885 3092 968 3128; x_wconf 86' lang='lat' dir='ltr'>soror.</span> <span class='ocrx_word' id='word_1_214' title='bbox 979 3074 1060 3127; x_wconf 76' lang='lat' dir='ltr'>Cous.</span> <span class='ocrx_word' id='word_1_215' title='bbox 1074 3090 1131 3145; x_wconf 74' lang='lat' dir='ltr'>esp.</span> <span class='ocrx_word' id='word_1_216' title='bbox 1146 3094 1176 3136; x_wconf 81' lang='lat' dir='ltr'>s,</span> <span class='ocrx_word' id='word_1_217' title='bbox 1192 3092 1233 3125; x_wconf 94' lang='grc' dir='ltr'>ιο.</span> 
     </span>
     <span class='ocr_line' id='line_1_28' title="bbox 194 3151 1258 3233; baseline -0.012 -20"><span class='ocrx_word' id='word_1_218' title='bbox 194 3162 291 3233; x_wconf 87' lang='lat' dir='ltr'>quippe</span> <span class='ocrx_word' id='word_1_219' title='bbox 306 3159 352 3230; x_wconf 89' lang='lat' dir='ltr'>qui</span> <span class='ocrx_word' id='word_1_220' title='bbox 370 3156 540 3211; x_wconf 86' lang='lat' dir='ltr'>existimaturi</span> <span class='ocrx_word' id='word_1_221' title='bbox 555 3156 619 3220; x_wconf 88' lang='lat' dir='ltr'>sint,</span> <span class='ocrx_word' id='word_1_222' title='bbox 633 3155 701 3219; x_wconf 83' lang='lat' dir='ltr'>sive,</span> <span class='ocrx_word' id='word_1_223' title='bbox 781 3172 823 3208; x_wconf 91' lang='grc' dir='ltr'>ιο.</span> <span class='ocrx_word' id='word_1_224' title='bbox 834 3153 903 3205; x_wconf 85' lang='lat' dir='ltr'>Fidei</span> <span class='ocrx_word' id='word_1_225' title='bbox 913 3164 1070 3205; x_wconf 83' lang='lat' dir='ltr'>sacramento.</span> <span class='ocrx_word' id='word_1_226' title='bbox 1080 3157 1141 3203; x_wconf 74' lang='lat' dir='ltr'>nere</span> <span class='ocrx_word' id='word_1_227' title='bbox 1153 3151 1204 3202; x_wconf 75' lang='lat' dir='ltr'>nid</span> <span class='ocrx_word' id='word_1_228' title='bbox 1213 3151 1258 3201; x_wconf 82' lang='lat' dir='ltr'>der</span> 
     </span>
     <span class='ocr_line' id='line_1_29' title="bbox 194 3223 1256 3311; baseline -0.013 -18"><span class='ocrx_word' id='word_1_229' title='bbox 194 3258 259 3311; x_wconf 90' lang='lat' dir='ltr'>quos</span> <span class='ocrx_word' id='word_1_230' title='bbox 286 3249 390 3310; x_wconf 86' lang='lat' dir='ltr'>putaret</span> <span class='ocrx_word' id='word_1_231' title='bbox 418 3236 611 3289; x_wconf 79' lang='lat' dir='ltr'>existimaturos</span> <span class='ocrx_word' id='word_1_232' title='bbox 638 3250 702 3285; x_wconf 86' lang='lat' dir='ltr'>esse.</span> <span class='ocrx_word' id='word_1_233' title='bbox 747 3238 834 3295; x_wconf 77' lang='lat' dir='ltr'>neue,</span> <span class='ocrx_word' id='word_1_234' title='bbox 848 3231 911 3284; x_wconf 84' lang='lat' dir='ltr'>fidei</span> <span class='ocrx_word' id='word_1_235' title='bbox 924 3249 973 3304; x_wconf 85' lang='lat' dir='ltr'>per</span> <span class='ocrx_word' id='word_1_236' title='bbox 986 3223 1176 3283; x_wconf 84' lang='lat' dir='ltr'>sacramentum</span> <span class='ocrx_word' id='word_1_237' title='bbox 1188 3228 1256 3279; x_wconf 88' lang='lat' dir='ltr'>mili-</span> 
     </span>
     <span class='ocr_line' id='line_1_30' title="bbox 194 3306 1255 3390; baseline -0.015 -19"><span class='ocrx_word' id='word_1_238' title='bbox 194 3318 303 3390; x_wconf 81' lang='lat' dir='ltr'>Respice</span> <span class='ocrx_word' id='word_1_239' title='bbox 312 3316 408 3369; x_wconf 86' lang='lat' dir='ltr'>dehoc</span> <span class='ocrx_word' id='word_1_240' title='bbox 419 3314 548 3387; x_wconf 88' lang='lat' dir='ltr'>participii</span> <span class='ocrx_word' id='word_1_241' title='bbox 562 3312 644 3365; x_wconf 84' lang='lat' dir='ltr'>futuri</span> <span class='ocrx_word' id='word_1_242' title='bbox 655 3331 705 3365; x_wconf 85' lang='lat' dir='ltr'>usu</span> <span class='ocrx_word' id='word_1_243' title='bbox 744 3322 799 3362; x_wconf 87' lang='lat' dir='ltr'>tare</span> <span class='ocrx_word' id='word_1_244' title='bbox 812 3309 888 3362; x_wconf 78' lang='lat' dir='ltr'>dete.</span> <span class='ocrx_word' id='word_1_245' title='bbox 904 3310 1003 3361; x_wconf 85' lang='lat' dir='ltr'>Contra</span> <span class='ocrx_word' id='word_1_246' title='bbox 1020 3308 1041 3359; x_wconf 87' lang='lat' dir='ltr'>si</span> <span class='ocrx_word' id='word_1_247' title='bbox 1058 3325 1120 3359; x_wconf 88' lang='lat' dir='ltr'>cum</span> <span class='ocrx_word' id='word_1_248' title='bbox 1136 3306 1255 3358; x_wconf 83' lang='lat' dir='ltr'>Gronov.</span> 
     </span>
     <span class='ocr_line' id='line_1_31' title="bbox 195 3383 1255 3462; baseline -0.014 -14"><span class='ocrx_word' id='word_1_249' title='bbox 195 3396 227 3449; x_wconf 85' lang='lat' dir='ltr'>sd</span> <span class='ocrx_word' id='word_1_250' title='bbox 246 3396 320 3460; x_wconf 89' lang='lat' dir='ltr'>Xll,</span> <span class='ocrx_word' id='word_1_251' title='bbox 336 3415 366 3462; x_wconf 84' lang='lat' dir='ltr'>a,</span> <span class='ocrx_word' id='word_1_252' title='bbox 384 3414 409 3448; x_wconf 84' lang='lat' dir='ltr'>s.</span> <span class='ocrx_word' id='word_1_253' title='bbox 428 3424 462 3434; x_wconf 92' lang='lat'>·-</span> <span class='ocrx_word' id='word_1_254' title='bbox 479 3396 553 3444; x_wconf 84' lang='lat' dir='ltr'>Verti.</span> <span class='ocrx_word' id='word_1_255' title='bbox 571 3393 633 3443; x_wconf 81' lang='lat' dir='ltr'>Esse</span> <span class='ocrx_word' id='word_1_256' title='bbox 652 3390 704 3456; x_wconf 90' lang='lat' dir='ltr'>ibi,</span> <span class='ocrx_word' id='word_1_257' title='bbox 745 3406 795 3441; x_wconf 85' lang='lat' dir='ltr'>avo</span> <span class='ocrx_word' id='word_1_258' title='bbox 819 3400 845 3440; x_wconf 90' lang='lat' dir='ltr'>et</span> <span class='ocrx_word' id='word_1_259' title='bbox 871 3386 979 3440; x_wconf 72' lang='lat' dir='ltr'>Grmio</span> <span class='ocrx_word' id='word_1_260' title='bbox 1005 3383 1170 3456; x_wconf 81' lang='lat' dir='ltr'>amplecteris</span> <span class='ocrx_word' id='word_1_261' title='bbox 1194 3384 1255 3434; x_wconf 90' lang='lat' dir='ltr'>lect.</span> 
     </span>
     <span class='ocr_line' id='line_1_32' title="bbox 195 3462 1257 3544; baseline -0.017 -17"><span class='ocrx_word' id='word_1_262' title='bbox 195 3473 281 3539; x_wconf 87' lang='lat' dir='ltr'>unde,</span> <span class='ocrx_word' id='word_1_263' title='bbox 298 3474 332 3525; x_wconf 91' lang='lat' dir='ltr'>ab</span> <span class='ocrx_word' id='word_1_264' title='bbox 350 3491 380 3526; x_wconf 85' lang='lat' dir='ltr'>ea</span> <span class='ocrx_word' id='word_1_265' title='bbox 400 3484 490 3544; x_wconf 77' lang='lat' dir='ltr'>parte,</span> <span class='ocrx_word' id='word_1_266' title='bbox 508 3490 522 3523; x_wconf 85' lang='lat' dir='ltr'>u</span> <span class='ocrx_word' id='word_1_267' title='bbox 540 3488 591 3543; x_wconf 79' lang='lat' dir='ltr'>qua</span> <span class='ocrx_word' id='word_1_268' title='bbox 611 3482 705 3535; x_wconf 87' lang='lat' dir='ltr'>staret,</span> <span class='ocrx_word' id='word_1_269' title='bbox 745 3464 825 3519; x_wconf 88' lang='lat' dir='ltr'>codd.</span> <span class='ocrx_word' id='word_1_270' title='bbox 845 3468 930 3536; x_wconf 81' lang='lat' dir='ltr'>Bong.</span> <span class='ocrx_word' id='word_1_271' title='bbox 949 3477 976 3516; x_wconf 90' lang='lat' dir='ltr'>et</span> <span class='ocrx_word' id='word_1_272' title='bbox 994 3462 1080 3517; x_wconf 86' lang='lat' dir='ltr'>Modii</span> <span class='ocrx_word' id='word_1_273' title='bbox 1099 3462 1257 3521; x_wconf 79' lang='lat' dir='ltr'>sacramenti,-</span> 
     </span>
     <span class='ocr_line' id='line_1_33' title="bbox 195 3537 1258 3625; baseline -0.016 -20"><span class='ocrx_word' id='word_1_274' title='bbox 195 3572 307 3625; x_wconf 89' lang='lat' dir='ltr'>quaeum</span> <span class='ocrx_word' id='word_1_275' title='bbox 319 3550 549 3615; x_wconf 60' lang='lat' dir='ltr'>metuentis.</span> <span class='ocrx_word' id='word_1_276' title='bbox 560 3546 644 3611; x_wconf 88' lang='lat' dir='ltr'>XXI,</span> <span class='ocrx_word' id='word_1_277' title='bbox 659 3565 704 3612; x_wconf 87' lang='grc' dir='ltr'>ιο,</span> <span class='ocrx_word' id='word_1_278' title='bbox 738 3544 806 3616; x_wconf 74' lang='lat' dir='ltr'>fides</span> <span class='ocrx_word' id='word_1_279' title='bbox 824 3545 967 3595; x_wconf 80' lang='lat' dir='ltr'>sacramenti</span> <span class='ocrx_word' id='word_1_280' title='bbox 984 3540 1097 3606; x_wconf 72' lang='lat' dir='ltr'>dieitur,</span> <span class='ocrx_word' id='word_1_281' title='bbox 1114 3550 1144 3591; x_wconf 91' lang='lat' dir='ltr'>ut</span> <span class='ocrx_word' id='word_1_282' title='bbox 1163 3537 1258 3608; x_wconf 84' lang='lat' dir='ltr'>religio</span> 
     </span>
     <span class='ocr_line' id='line_1_34' title="bbox 196 3616 1256 3703; baseline -0.015 -19"><span class='ocrx_word' id='word_1_283' title='bbox 196 3633 259 3684; x_wconf 80' lang='lat' dir='ltr'>unde</span> <span class='ocrx_word' id='word_1_284' title='bbox 271 3636 316 3703; x_wconf 80' lang='lat' dir='ltr'>jus</span> <span class='ocrx_word' id='word_1_285' title='bbox 333 3644 395 3692; x_wconf 80' lang='lat' dir='ltr'>etat,·</span> <span class='ocrx_word' id='word_1_286' title='bbox 411 3627 515 3691; x_wconf 85' lang='lat' dir='ltr'>XXIV,</span> <span class='ocrx_word' id='word_1_287' title='bbox 535 3628 566 3692; x_wconf 65' lang='lat'>45</span> <span class='ocrx_word' id='word_1_288' title='bbox 585 3644 592 3678; x_wconf 72' lang='grc' dir='ltr'><strong><em>ε</em></strong></span> <span class='ocrx_word' id='word_1_289' title='bbox 609 3626 705 3677; x_wconf 80' lang='lat' dir='ltr'>aliunde</span> <span class='ocrx_word' id='word_1_290' title='bbox 746 3620 916 3686; x_wconf 83' lang='lat' dir='ltr'>sacramenti,</span> <span class='ocrx_word' id='word_1_291' title='bbox 926 3616 1114 3692; x_wconf 85' lang='lat' dir='ltr'>jurisjurandi,</span> <span class='ocrx_word' id='word_1_292' title='bbox 1124 3636 1181 3687; x_wconf 86' lang='lat' dir='ltr'>cap.</span> <span class='ocrx_word' id='word_1_293' title='bbox 1192 3623 1219 3681; x_wconf 68' lang='lat' dir='ltr'>l,</span> <span class='ocrx_word' id='word_1_294' title='bbox 1232 3618 1256 3669; x_wconf 80' lang='grc'>8.</span> 
     </span>
     <span class='ocr_line' id='line_1_35' title="bbox 195 3692 1256 3783; baseline -0.014 -23"><span class='ocrx_word' id='word_1_295' title='bbox 195 3723 244 3761; x_wconf 83' lang='lat' dir='ltr'>stat</span> <span class='ocrx_word' id='word_1_296' title='bbox 254 3729 351 3783; x_wconf 82' lang='lat' dir='ltr'>semper,</span> <span class='ocrx_word' id='word_1_297' title='bbox 366 3706 464 3760; x_wconf 80' lang='lat' dir='ltr'>aliunde</span> <span class='ocrx_word' id='word_1_298' title='bbox 478 3710 551 3757; x_wconf 83' lang='lat' dir='ltr'>sentit</span> <span class='ocrx_word' id='word_1_299' title='bbox 562 3702 650 3773; x_wconf 85' lang='lat' dir='ltr'>infidus</span> <span class='ocrx_word' id='word_1_300' title='bbox 664 3724 706 3753; x_wconf 88' lang='lat' dir='ltr'>so·</span> <span class='ocrx_word' id='word_1_301' title='bbox 785 3701 826 3753; x_wconf 82' lang='lat'>13.</span> <span class='ocrx_word' id='word_1_302' title='bbox 840 3701 952 3751; x_wconf 83' lang='lat' dir='ltr'>Ilett&#39;nuit.</span> <span class='ocrx_word' id='word_1_303' title='bbox 969 3698 1001 3748; x_wconf 92' lang='lat' dir='ltr'>In</span> <span class='ocrx_word' id='word_1_304' title='bbox 1021 3692 1090 3759; x_wconf 80' lang='lat' dir='ltr'>fide,</span> <span class='ocrx_word' id='word_1_305' title='bbox 1104 3704 1134 3744; x_wconf 90' lang='lat' dir='ltr'>ut</span> <span class='ocrx_word' id='word_1_306' title='bbox 1148 3696 1256 3745; x_wconf 91' lang='lat' dir='ltr'>Sueton.</span> 
     </span>
     <span class='ocr_line' id='line_1_36' title="bbox 197 3769 1259 3851; baseline -0.017 -13"><span class='ocrx_word' id='word_1_307' title='bbox 197 3792 260 3850; x_wconf 78' lang='lat' dir='ltr'>ct&#39;us,·</span> <span class='ocrx_word' id='word_1_308' title='bbox 270 3787 361 3851; x_wconf 85' lang='lat' dir='ltr'>XXV,</span> <span class='ocrx_word' id='word_1_309' title='bbox 375 3790 404 3838; x_wconf 77' lang='grc' dir='ltr'>ιιι</span> <span class='ocrx_word' id='word_1_310' title='bbox 417 3802 424 3838; x_wconf 90' lang='lat'>:</span> <span class='ocrx_word' id='word_1_311' title='bbox 435 3804 484 3837; x_wconf 84' lang='lat' dir='ltr'>non</span> <span class='ocrx_word' id='word_1_312' title='bbox 495 3781 615 3851; x_wconf 80' lang='lat' dir='ltr'>satisfido</span> <span class='ocrx_word' id='word_1_313' title='bbox 626 3784 707 3833; x_wconf 78' lang='lat' dir='ltr'>euim</span> <span class='ocrx_word' id='word_1_314' title='bbox 748 3780 776 3831; x_wconf 90' lang='lat' dir='ltr'>in</span> <span class='ocrx_word' id='word_1_315' title='bbox 790 3778 854 3831; x_wconf 74' lang='lat' dir='ltr'>caes.</span> <span class='ocrx_word' id='word_1_316' title='bbox 867 3782 882 3839; x_wconf 74' lang='grc'><strong><em>4</em></strong></span> <span class='ocrx_word' id='word_1_317' title='bbox 894 3788 920 3827; x_wconf 91' lang='lat' dir='ltr'>et</span> <span class='ocrx_word' id='word_1_318' title='bbox 935 3792 982 3844; x_wconf 73' lang='lat'>173</span> <span class='ocrx_word' id='word_1_319' title='bbox 998 3772 1053 3825; x_wconf 82' lang='lat' dir='ltr'>cte.</span> <span class='ocrx_word' id='word_1_320' title='bbox 1068 3769 1102 3823; x_wconf 85' lang='lat' dir='ltr'>ad</span> <span class='ocrx_word' id='word_1_321' title='bbox 1116 3771 1171 3823; x_wconf 83' lang='lat' dir='ltr'>div.</span> <span class='ocrx_word' id='word_1_322' title='bbox 1185 3771 1214 3835; x_wconf 90' lang='lat' dir='ltr'>I,</span> <span class='ocrx_word' id='word_1_323' title='bbox 1228 3792 1259 3843; x_wconf 88' lang='lat'>7,</span> 
     </span>
     <span class='ocr_line' id='line_1_37' title="bbox 197 3848 1259 3937; baseline -0.018 -20"><span class='ocrx_word' id='word_1_324' title='bbox 197 3866 260 3917; x_wconf 86' lang='lat' dir='ltr'>unde</span> <span class='ocrx_word' id='word_1_325' title='bbox 265 3865 406 3937; x_wconf 68' lang='lat' dir='ltr'>pugnabat,</span> <span class='ocrx_word' id='word_1_326' title='bbox 417 3862 513 3924; x_wconf 61' lang='lat' dir='ltr'>nabun</span> <span class='ocrx_word' id='word_1_327' title='bbox 523 3864 618 3914; x_wconf 80' lang='lat' dir='ltr'>Noster</span> <span class='ocrx_word' id='word_1_328' title='bbox 629 3876 707 3930; x_wconf 81' lang='lat' dir='ltr'>supra</span> <span class='ocrx_word' id='word_1_329' title='bbox 747 3876 765 3928; x_wconf 92' lang='lat'><strong><em>7</em></strong></span> <span class='ocrx_word' id='word_1_330' title='bbox 777 3870 804 3909; x_wconf 86' lang='lat' dir='ltr'>et</span> <span class='ocrx_word' id='word_1_331' title='bbox 818 3859 858 3908; x_wconf 73' lang='grc' dir='ltr'>ιδ.</span> <span class='ocrx_word' id='word_1_332' title='bbox 871 3852 914 3908; x_wconf 88' lang='lat' dir='ltr'>sie</span> <span class='ocrx_word' id='word_1_333' title='bbox 924 3849 984 3903; x_wconf 76' lang='lat' dir='ltr'>Ald.</span> <span class='ocrx_word' id='word_1_334' title='bbox 999 3862 1025 3901; x_wconf 91' lang='lat' dir='ltr'>et</span> <span class='ocrx_word' id='word_1_335' title='bbox 1038 3850 1112 3902; x_wconf 85' lang='lat' dir='ltr'>Iunt.</span> <span class='ocrx_word' id='word_1_336' title='bbox 1120 3848 1201 3919; x_wconf 80' lang='lat' dir='ltr'>Vulg.</span> <span class='ocrx_word' id='word_1_337' title='bbox 1215 3849 1259 3899; x_wconf 86' lang='lat' dir='ltr'>de-</span> 
     </span>
     <span class='ocr_line' id='line_1_38' title="bbox 197 3926 1260 4009; baseline -0.019 -11"><span class='ocrx_word' id='word_1_338' title='bbox 197 3942 281 4009; x_wconf 72' lang='lat' dir='ltr'>V,t,</span> <span class='ocrx_word' id='word_1_339' title='bbox 297 3963 327 3996; x_wconf 83' lang='lat' dir='ltr'>rs</span> <span class='ocrx_word' id='word_1_340' title='bbox 342 3942 500 3995; x_wconf 80' lang='lat' dir='ltr'>:Alcibiades</span> <span class='ocrx_word' id='word_1_341' title='bbox 515 3939 578 3991; x_wconf 83' lang='lat' dir='ltr'>unde</span> <span class='ocrx_word' id='word_1_342' title='bbox 594 3950 706 4003; x_wconf 81' lang='lat' dir='ltr'>steterat,</span> <span class='ocrx_word' id='word_1_343' title='bbox 747 3938 832 3987; x_wconf 82' lang='lat' dir='ltr'>temeit</span> <span class='ocrx_word' id='word_1_344' title='bbox 855 3930 968 4003; x_wconf 82' lang='lat' dir='ltr'>explicat</span> <span class='ocrx_word' id='word_1_345' title='bbox 993 3928 1081 3982; x_wconf 78' lang='lat' dir='ltr'>Grnv.</span> <span class='ocrx_word' id='word_1_346' title='bbox 1106 3926 1260 3979; x_wconf 87' lang='lat' dir='ltr'>dehortatus</span> 
     </span>
     <span class='ocr_line' id='line_1_39' title="bbox 199 4006 1260 4087; baseline -0.014 -16"><span class='ocrx_word' id='word_1_347' title='bbox 199 4042 226 4072; x_wconf 84' lang='lat' dir='ltr'>ee</span> <span class='ocrx_word' id='word_1_348' title='bbox 236 4043 261 4073; x_wconf 84' lang='lat' dir='ltr'>se</span> <span class='ocrx_word' id='word_1_349' title='bbox 270 4026 373 4073; x_wconf 80' lang='lat' dir='ltr'>uictoria</span> <span class='ocrx_word' id='word_1_350' title='bbox 385 4018 551 4087; x_wconf 79' lang='lat' dir='ltr'>transferebat.</span> <span class='ocrx_word' id='word_1_351' title='bbox 749 4026 801 4079; x_wconf 85' lang='lat' dir='ltr'>est,</span> <span class='ocrx_word' id='word_1_352' title='bbox 813 4010 947 4074; x_wconf 87' lang='lat' dir='ltr'>dissuasit,</span> <span class='ocrx_word' id='word_1_353' title='bbox 958 4006 1105 4060; x_wconf 89' lang='lat' dir='ltr'>rationibus</span> <span class='ocrx_word' id='word_1_354' title='bbox 1118 4006 1260 4079; x_wconf 87' lang='lat' dir='ltr'>compulit,</span> 
     </span>
    </p>

    <p class='ocr_par' dir='ltr' id='par_1_6' title="bbox 234 4088 1077 4172">
     <span class='ocr_line' id='line_1_40' title="bbox 234 4088 1077 4172; baseline -0.018 -19"><span class='ocrx_word' id='word_1_355' title='bbox 234 4103 257 4154; x_wconf 83' lang='lat'>8.</span> <span class='ocrx_word' id='word_1_356' title='bbox 276 4106 382 4153; x_wconf 81' lang='lat' dir='ltr'>Tanta...</span> <span class='ocrx_word' id='word_1_357' title='bbox 396 4110 545 4172; x_wconf 73' lang='lat' dir='ltr'>quererent.</span> <span class='ocrx_word' id='word_1_358' title='bbox 560 4096 645 4152; x_wconf 86' lang='lat' dir='ltr'>Tanta</span> <span class='ocrx_word' id='word_1_359' title='bbox 661 4114 708 4149; x_wconf 82' lang='lat' dir='ltr'>ve·</span> <span class='ocrx_word' id='word_1_360' title='bbox 749 4112 784 4147; x_wconf 89' lang='lat' dir='ltr'>ne</span> <span class='ocrx_word' id='word_1_361' title='bbox 798 4089 864 4147; x_wconf 89' lang='lat' dir='ltr'>illud</span> <span class='ocrx_word' id='word_1_362' title='bbox 876 4088 1077 4143; x_wconf 84' lang='lat' dir='ltr'>committerent.</span> 
     </span>
    </p>
   </div>
   <div class='ocr_carea' id='block_1_5' title="bbox 0 0 1511 4684">
    <p class='ocr_par' dir='ltr' id='par_1_7' title="bbox 0 0 1511 4684">
     <span class='ocr_line' id='line_1_41' title="bbox 0 0 1511 4684; baseline 0 0"><span class='ocrx_word' id='word_1_363' title='bbox 0 0 1511 4684; x_wconf 95' lang='lat' dir='ltr'> </span> 
     </span>
    </p>
   </div>
  </div>
 </body>
</html>
