<?xml version="1.0" encoding="UTF-8"?>
<!DOCTYPE html PUBLIC "-//W3C//DTD XHTML 1.0 Transitional//EN"
    "http://www.w3.org/TR/xhtml1/DTD/xhtml1-transitional.dtd">
<html xmlns="http://www.w3.org/1999/xhtml" xml:lang="en" lang="en">
 <head>
  <title>
</title>
<meta http-equiv="Content-Type" content="text/html;charset=utf-8" />
  <meta name='ocr-system' content='tesseract 3.04.00' />
  <meta name='ocr-capabilities' content='ocr_page ocr_carea ocr_par ocr_line ocrx_word'/>
</head>
<body>
  <div class='ocr_page' id='page_1' title='image "./justinihistoria00lemagoog_0251.png"; bbox 0 0 2967 4684; ppageno 0'>
   <div class='ocr_carea' id='block_1_1' title="bbox 209 273 842 345">
    <p class='ocr_par' dir='ltr' id='par_1_1' title="bbox 209 273 842 345">
     <span class='ocr_line' id='line_1_1' title="bbox 209 273 842 345; baseline -0.008 0"><span class='ocrx_word' id='word_1_1' title='bbox 209 274 280 345; x_wconf 79' lang='lat'>&#39;216</span> <span class='ocrx_word' id='word_1_2' title='bbox 630 273 842 342; x_wconf 83' lang='lat' dir='ltr'><strong>JUSTINI</strong></span> 
     </span>
    </p>
   </div>
   <div class='ocr_carea' id='block_1_2' title="bbox 158 391 1282 3255">
    <p class='ocr_par' dir='ltr' id='par_1_2' title="bbox 158 391 1282 3255">
     <span class='ocr_line' id='line_1_2' title="bbox 205 391 1268 496; baseline -0.008 -26"><span class='ocrx_word' id='word_1_3' title='bbox 205 397 288 488; x_wconf 84' lang='lat' dir='ltr'>suit,</span> <span class='ocrx_word' id='word_1_4' title='bbox 302 413 359 485; x_wconf 91' lang='lat' dir='ltr'>ut,</span> <span class='ocrx_word' id='word_1_5' title='bbox 374 419 531 496; x_wconf 90' lang='lat' dir='ltr'>quorum</span> <span class='ocrx_word' id='word_1_6' title='bbox 545 395 709 494; x_wconf 80' lang='lat' dir='ltr'>praesidio</span> <span class='ocrx_word' id='word_1_7' title='bbox 723 409 822 466; x_wconf 89' lang='lat' dir='ltr'>tutus</span> <span class='ocrx_word' id='word_1_8' title='bbox 840 394 947 464; x_wconf 86' lang='lat' dir='ltr'>etiarn</span> <span class='ocrx_word' id='word_1_9' title='bbox 960 391 1130 464; x_wconf 86' lang='lat' dir='ltr'>adversus</span> <span class='ocrx_word' id='word_1_10' title='bbox 1143 391 1268 464; x_wconf 84' lang='lat' dir='ltr'>hostes</span> 
     </span>
     <span class='ocr_line' id='line_1_3' title="bbox 206 502 1269 592; baseline -0.005 -14"><span class='ocrx_word' id='word_1_11' title='bbox 206 532 283 580; x_wconf 90' lang='lat' dir='ltr'>esse</span> <span class='ocrx_word' id='word_1_12' title='bbox 297 506 487 592; x_wconf 84' lang='lat' dir='ltr'><strong>debuerat,</strong></span> <span class='ocrx_word' id='word_1_13' title='bbox 502 529 628 576; x_wconf 88' lang='lat' dir='ltr'>eorum</span> <span class='ocrx_word' id='word_1_14' title='bbox 641 502 782 576; x_wconf 85' lang='lat' dir='ltr'>insidiis</span> <span class='ocrx_word' id='word_1_15' title='bbox 795 507 1078 590; x_wconf 85' lang='lat' dir='ltr'>circumventus,</span> <span class='ocrx_word' id='word_1_16' title='bbox 1093 506 1207 573; x_wconf 91' lang='lat' dir='ltr'>tutior</span> <span class='ocrx_word' id='word_1_17' title='bbox 1221 502 1269 573; x_wconf 89' lang='lat' dir='ltr'>ab</span> 
     </span>
     <span class='ocr_line' id='line_1_4' title="bbox 206 611 804 712; baseline 0 -28"><span class='ocrx_word' id='word_1_18' title='bbox 206 614 389 702; x_wconf 85' lang='lat' dir='ltr'>hostibus,</span> <span class='ocrx_word' id='word_1_19' title='bbox 406 638 514 712; x_wconf 89' lang='lat' dir='ltr'>quam</span> <span class='ocrx_word' id='word_1_20' title='bbox 532 637 551 684; x_wconf 91' lang='lat' dir='ltr'>a</span> <span class='ocrx_word' id='word_1_21' title='bbox 568 611 650 686; x_wconf 91' lang='lat' dir='ltr'>filiis</span> <span class='ocrx_word' id='word_1_22' title='bbox 668 611 804 685; x_wconf 82' lang='lat' dir='ltr'>fuerit?</span> 
     </span>
     <span class='ocr_line' id='line_1_5' title="bbox 158 708 1267 824; baseline 0 -30"><span class='ocrx_word' id='word_1_23' title='bbox 158 745 161 752; x_wconf 85' lang='lat'>·</span> <span class='ocrx_word' id='word_1_24' title='bbox 181 759 193 794; x_wconf 85' lang='lat' dir='ltr'>t</span> <span class='ocrx_word' id='word_1_25' title='bbox 256 731 300 798; x_wconf 89' lang='grc' dir='ltr'>ΙΙ.</span> <span class='ocrx_word' id='word_1_26' title='bbox 318 731 451 798; x_wconf 80' lang='lat' dir='ltr'>Caussa</span> <span class='ocrx_word' id='word_1_27' title='bbox 468 723 647 824; x_wconf 88' lang='lat' dir='ltr'>parricidii</span> <span class='ocrx_word' id='word_1_28' title='bbox 666 725 873 797; x_wconf 84' lang='lat' dir='ltr'>sceleratior</span> <span class='ocrx_word' id='word_1_29' title='bbox 888 708 968 823; x_wconf 78' lang='lat' dir='ltr'>ipso</span> <span class='ocrx_word' id='word_1_30' title='bbox 983 721 1176 823; x_wconf 89' lang='lat' dir='ltr'>parricidio</span> <span class='ocrx_word' id='word_1_31' title='bbox 1190 721 1267 795; x_wconf 78' lang='lat' dir='ltr'>tuit.</span> 
     </span>
     <span class='ocr_line' id='line_1_6' title="bbox 180 833 1268 935; baseline 0.001 -30"><span class='ocrx_word' id='word_1_32' title='bbox 180 838 337 909; x_wconf 71' lang='lat' dir='ltr'>20cciso</span> <span class='ocrx_word' id='word_1_33' title='bbox 357 837 493 935; x_wconf 89' lang='lat' dir='ltr'>quippe</span> <span class='ocrx_word' id='word_1_34' title='bbox 509 839 605 932; x_wconf 88' lang='lat' dir='ltr'>Cyro</span> <span class='ocrx_word' id='word_1_35' title='bbox 624 833 786 908; x_wconf 89' lang='lat' dir='ltr'>fraterno</span> <span class='ocrx_word' id='word_1_36' title='bbox 808 835 922 924; x_wconf 88' lang='lat' dir='ltr'>bello,</span> <span class='ocrx_word' id='word_1_37' title='bbox 937 836 1039 932; x_wconf 84' lang='lat' dir='ltr'>cujus</span> <span class='ocrx_word' id='word_1_38' title='bbox 1052 836 1193 906; x_wconf 88' lang='lat' dir='ltr'>mentio</span> <span class='ocrx_word' id='word_1_39' title='bbox 1210 859 1268 906; x_wconf 87' lang='lat' dir='ltr'>su·</span> 
     </span>
     <span class='ocr_line' id='line_1_7' title="bbox 209 944 1270 1047; baseline -0.003 -29"><span class='ocrx_word' id='word_1_40' title='bbox 209 971 274 1045; x_wconf 89' lang='lat' dir='ltr'>pra</span> <span class='ocrx_word' id='word_1_41' title='bbox 288 944 411 1017; x_wconf 91' lang='lat' dir='ltr'>habita</span> <span class='ocrx_word' id='word_1_42' title='bbox 426 961 498 1034; x_wconf 89' lang='lat' dir='ltr'>est,</span> <span class='ocrx_word' id='word_1_43' title='bbox 511 949 713 1046; x_wconf 79' lang='lat' dir='ltr'>Aspasiam,</span> <span class='ocrx_word' id='word_1_44' title='bbox 726 947 891 1047; x_wconf 83' lang='lat' dir='ltr'>pellicem</span> <span class='ocrx_word' id='word_1_45' title='bbox 910 947 1006 1041; x_wconf 84' lang='lat' dir='ltr'>ejus,</span> <span class='ocrx_word' id='word_1_46' title='bbox 1023 970 1088 1016; x_wconf 87' lang='lat' dir='ltr'>rex</span> <span class='ocrx_word' id='word_1_47' title='bbox 1106 949 1270 1016; x_wconf 81' lang='lat' dir='ltr'>Artaxer·</span> 
     </span>
     <span class='ocr_line' id='line_1_8' title="bbox 180 1055 1271 1157; baseline -0.001 -29"><span class='ocrx_word' id='word_1_48' title='bbox 180 1075 272 1129; x_wconf 76' lang='lat' dir='ltr'>axes</span> <span class='ocrx_word' id='word_1_49' title='bbox 291 1059 329 1128; x_wconf 92' lang='lat' dir='ltr'>in</span> <span class='ocrx_word' id='word_1_50' title='bbox 351 1057 624 1129; x_wconf 85' lang='lat' dir='ltr'>matrimonium</span> <span class='ocrx_word' id='word_1_51' title='bbox 642 1072 838 1157; x_wconf 81' lang='lat' dir='ltr'>receperat.</span> <span class='ocrx_word' id='word_1_52' title='bbox 862 1063 965 1128; x_wconf 89' lang='lat' dir='ltr'>Hanc</span> <span class='ocrx_word' id='word_1_53' title='bbox 987 1070 1125 1154; x_wconf 90' lang='lat' dir='ltr'>patrem</span> <span class='ocrx_word' id='word_1_54' title='bbox 1142 1055 1271 1128; x_wconf 82' lang='lat' dir='ltr'>cedere</span> 
     </span>
     <span class='ocr_line' id='line_1_9' title="bbox 210 1167 1271 1267; baseline -0.004 -27"><span class='ocrx_word' id='word_1_55' title='bbox 210 1167 297 1256; x_wconf 92' lang='lat' dir='ltr'>sibi,</span> <span class='ocrx_word' id='word_1_56' title='bbox 314 1170 418 1240; x_wconf 82' lang='lat' dir='ltr'>sicuti</span> <span class='ocrx_word' id='word_1_57' title='bbox 435 1194 607 1267; x_wconf 81' lang='lat' dir='ltr'>regnruu,</span> <span class='ocrx_word' id='word_1_58' title='bbox 625 1171 755 1242; x_wconf 91' lang='lat' dir='ltr'>Darius</span> <span class='ocrx_word' id='word_1_59' title='bbox 774 1167 1038 1267; x_wconf 84' lang='lat' dir='ltr'>postulaverat:</span> <span class='ocrx_word' id='word_1_60' title='bbox 1058 1168 1121 1262; x_wconf 93' lang='lat' dir='ltr'>qui</span> <span class='ocrx_word' id='word_1_61' title='bbox 1133 1191 1201 1263; x_wconf 90' lang='lat' dir='ltr'>pro</span> <span class='ocrx_word' id='word_1_62' title='bbox 1214 1167 1271 1236; x_wconf 92' lang='lat' dir='ltr'>in-</span> 
     </span>
     <span class='ocr_line' id='line_1_10' title="bbox 169 1275 1271 1383; baseline -0.001 -35"><span class='ocrx_word' id='word_1_63' title='bbox 169 1371 173 1383; x_wconf 37' lang='grc'>·</span> <span class='ocrx_word' id='word_1_64' title='bbox 210 1275 392 1377; x_wconf 81' lang='lat' dir='ltr'>dulgentia</span> <span class='ocrx_word' id='word_1_65' title='bbox 411 1305 474 1352; x_wconf 91' lang='lat' dir='ltr'>sua</span> <span class='ocrx_word' id='word_1_66' title='bbox 496 1283 535 1350; x_wconf 92' lang='lat' dir='ltr'>in</span> <span class='ocrx_word' id='word_1_67' title='bbox 560 1278 693 1352; x_wconf 88' lang='lat' dir='ltr'>liberos</span> <span class='ocrx_word' id='word_1_68' title='bbox 715 1283 835 1378; x_wconf 88' lang='lat' dir='ltr'>primo</span> <span class='ocrx_word' id='word_1_69' title='bbox 853 1276 1031 1350; x_wconf 84' lang='lat' dir='ltr'>facttuum</span> <span class='ocrx_word' id='word_1_70' title='bbox 1050 1301 1089 1348; x_wconf 88' lang='lat' dir='ltr'>se</span> <span class='ocrx_word' id='word_1_71' title='bbox 1111 1275 1271 1348; x_wconf 85' lang='lat' dir='ltr'>dixerat:</span> 
     </span>
     <span class='ocr_line' id='line_1_11' title="bbox 181 1385 1273 1490; baseline -0.002 -30"><span class='ocrx_word' id='word_1_72' title='bbox 181 1415 296 1474; x_wconf 63' lang='lat' dir='ltr'>amor</span> <span class='ocrx_word' id='word_1_73' title='bbox 323 1394 538 1490; x_wconf 84' lang='lat' dir='ltr'>poenitentia</span> <span class='ocrx_word' id='word_1_74' title='bbox 565 1390 714 1478; x_wconf 90' lang='lat' dir='ltr'>ductus,</span> <span class='ocrx_word' id='word_1_75' title='bbox 735 1407 777 1462; x_wconf 91' lang='lat' dir='ltr'>ut</span> <span class='ocrx_word' id='word_1_76' title='bbox 803 1390 958 1462; x_wconf 86' lang='lat' dir='ltr'>honeste</span> <span class='ocrx_word' id='word_1_77' title='bbox 984 1401 1148 1486; x_wconf 85' lang='lat' dir='ltr'>negaret,</span> <span class='ocrx_word' id='word_1_78' title='bbox 1172 1385 1273 1485; x_wconf 92' lang='lat' dir='ltr'>quod</span> 
     </span>
     <span class='ocr_line' id='line_1_12' title="bbox 210 1497 1275 1600; baseline -0.003 -28"><span class='ocrx_word' id='word_1_79' title='bbox 210 1515 346 1573; x_wconf 90' lang='lat' dir='ltr'>temere</span> <span class='ocrx_word' id='word_1_80' title='bbox 378 1505 611 1600; x_wconf 88' lang='lat' dir='ltr'>promiserat,</span> <span class='ocrx_word' id='word_1_81' title='bbox 642 1501 732 1572; x_wconf 90' lang='lat' dir='ltr'>Solis</span> <span class='ocrx_word' id='word_1_82' title='bbox 761 1526 841 1574; x_wconf 88' lang='lat' dir='ltr'>eam</span> <span class='ocrx_word' id='word_1_83' title='bbox 869 1500 1070 1572; x_wconf 90' lang='lat' dir='ltr'>sacerdotio</span> <span class='ocrx_word' id='word_1_84' title='bbox 1099 1497 1275 1598; x_wconf 79' lang='lat' dir='ltr'>praefecit,</span> 
     </span>
     <span class='ocr_line' id='line_1_13' title="bbox 213 1611 1274 1713; baseline -0.001 -31"><span class='ocrx_word' id='word_1_85' title='bbox 213 1637 287 1709; x_wconf 92' lang='lat' dir='ltr'>quo</span> <span class='ocrx_word' id='word_1_86' title='bbox 310 1628 485 1710; x_wconf 89' lang='lat' dir='ltr'>perpetua</span> <span class='ocrx_word' id='word_1_87' title='bbox 500 1611 550 1683; x_wconf 91' lang='lat' dir='ltr'>illi</span> <span class='ocrx_word' id='word_1_88' title='bbox 571 1611 617 1684; x_wconf 87' lang='lat' dir='ltr'>ab</span> <span class='ocrx_word' id='word_1_89' title='bbox 640 1612 811 1684; x_wconf 88' lang='lat' dir='ltr'>omnibus</span> <span class='ocrx_word' id='word_1_90' title='bbox 827 1615 915 1710; x_wconf 72' lang='lat' dir='ltr'>viris</span> <span class='ocrx_word' id='word_1_91' title='bbox 932 1611 1102 1713; x_wconf 88' lang='lat' dir='ltr'>pudicitia</span> <span class='ocrx_word' id='word_1_92' title='bbox 1121 1614 1274 1710; x_wconf 90' lang='lat' dir='ltr'>impera·</span> 
     </span>
     <span class='ocr_line' id='line_1_14' title="bbox 184 1718 1275 1820; baseline 0 -30"><span class='ocrx_word' id='word_1_93' title='bbox 184 1718 331 1792; x_wconf 63' lang='lat' dir='ltr'>abatur.</span> <span class='ocrx_word' id='word_1_94' title='bbox 348 1724 444 1794; x_wconf 89' lang='lat' dir='ltr'>Hinc</span> <span class='ocrx_word' id='word_1_95' title='bbox 461 1722 693 1795; x_wconf 85' lang='lat' dir='ltr'>exacerbatus</span> <span class='ocrx_word' id='word_1_96' title='bbox 708 1724 869 1820; x_wconf 85' lang='lat' dir='ltr'>juvenis,</span> <span class='ocrx_word' id='word_1_97' title='bbox 884 1724 923 1793; x_wconf 91' lang='lat' dir='ltr'>in</span> <span class='ocrx_word' id='word_1_98' title='bbox 941 1723 1057 1820; x_wconf 82' lang='lat' dir='ltr'>jurgia</span> <span class='ocrx_word' id='word_1_99' title='bbox 1071 1722 1188 1820; x_wconf 90' lang='lat' dir='ltr'>primo</span> <span class='ocrx_word' id='word_1_100' title='bbox 1212 1745 1275 1818; x_wconf 93' lang='lat' dir='ltr'>pa·</span> 
     </span>
     <span class='ocr_line' id='line_1_15' title="bbox 213 1832 1277 1931; baseline 0 -31"><span class='ocrx_word' id='word_1_101' title='bbox 213 1833 279 1902; x_wconf 88' lang='lat' dir='ltr'>tris</span> <span class='ocrx_word' id='word_1_102' title='bbox 303 1835 422 1931; x_wconf 91' lang='lat' dir='ltr'>erupit</span> <span class='ocrx_word' id='word_1_103' title='bbox 448 1861 456 1903; x_wconf 89' lang='lat'><strong>:</strong></span> <span class='ocrx_word' id='word_1_104' title='bbox 481 1859 566 1906; x_wconf 88' lang='lat' dir='ltr'>mox</span> <span class='ocrx_word' id='word_1_105' title='bbox 592 1832 684 1906; x_wconf 88' lang='lat' dir='ltr'>facta</span> <span class='ocrx_word' id='word_1_106' title='bbox 709 1859 794 1906; x_wconf 91' lang='lat' dir='ltr'>cum</span> <span class='ocrx_word' id='word_1_107' title='bbox 813 1832 986 1904; x_wconf 84' lang='lat' dir='ltr'>iratribus</span> <span class='ocrx_word' id='word_1_108' title='bbox 1003 1832 1277 1928; x_wconf 87' lang='lat' dir='ltr'>conjuratione,</span> 
     </span>
     <span class='ocr_line' id='line_1_16' title="bbox 215 1939 1276 2045; baseline 0 -34"><span class='ocrx_word' id='word_1_109' title='bbox 215 1939 304 2012; x_wconf 94' lang='lat' dir='ltr'>dum</span> <span class='ocrx_word' id='word_1_110' title='bbox 330 1946 421 2042; x_wconf 92' lang='lat' dir='ltr'>patri</span> <span class='ocrx_word' id='word_1_111' title='bbox 449 1944 595 2016; x_wconf 90' lang='lat' dir='ltr'>insidias</span> <span class='ocrx_word' id='word_1_112' title='bbox 623 1959 747 2045; x_wconf 90' lang='lat' dir='ltr'>parat,</span> <span class='ocrx_word' id='word_1_113' title='bbox 772 1943 1019 2043; x_wconf 87' lang='lat' dir='ltr'>deprehensus</span> <span class='ocrx_word' id='word_1_114' title='bbox 1044 1967 1128 2013; x_wconf 93' lang='lat' dir='ltr'>cum</span> <span class='ocrx_word' id='word_1_115' title='bbox 1152 1943 1276 2030; x_wconf 87' lang='lat' dir='ltr'>sociis,</span> 
     </span>
     <span class='ocr_line' id='line_1_17' title="bbox 215 2048 1277 2154; baseline -0.001 -32"><span class='ocrx_word' id='word_1_116' title='bbox 215 2077 343 2149; x_wconf 89' lang='lat' dir='ltr'>poenas</span> <span class='ocrx_word' id='word_1_117' title='bbox 361 2055 542 2151; x_wconf 88' lang='lat' dir='ltr'>parricidii</span> <span class='ocrx_word' id='word_1_118' title='bbox 559 2055 627 2125; x_wconf 89' lang='lat' dir='ltr'>diis</span> <span class='ocrx_word' id='word_1_119' title='bbox 644 2070 802 2154; x_wconf 83' lang='lat' dir='ltr'>paternae</span> <span class='ocrx_word' id='word_1_120' title='bbox 815 2055 1008 2149; x_wconf 86' lang='lat' dir='ltr'>majestatis</span> <span class='ocrx_word' id='word_1_121' title='bbox 1023 2048 1202 2122; x_wconf 90' lang='lat' dir='ltr'>ultoribus</span> <span class='ocrx_word' id='word_1_122' title='bbox 1216 2050 1277 2121; x_wconf 93' lang='lat' dir='ltr'>de-</span> 
     </span>
     <span class='ocr_line' id='line_1_18' title="bbox 186 2159 1279 2262; baseline 0.005 -36"><span class='ocrx_word' id='word_1_123' title='bbox 186 2159 278 2232; x_wconf 74' lang='lat' dir='ltr'>edit.</span> <span class='ocrx_word' id='word_1_124' title='bbox 298 2163 476 2260; x_wconf 83' lang='lat' dir='ltr'>Conjuges</span> <span class='ocrx_word' id='word_1_125' title='bbox 498 2189 644 2262; x_wconf 92' lang='lat' dir='ltr'>quoque</span> <span class='ocrx_word' id='word_1_126' title='bbox 664 2166 829 2236; x_wconf 89' lang='lat' dir='ltr'>omnium</span> <span class='ocrx_word' id='word_1_127' title='bbox 849 2188 932 2234; x_wconf 91' lang='lat' dir='ltr'>cum</span> <span class='ocrx_word' id='word_1_128' title='bbox 952 2161 1094 2249; x_wconf 89' lang='lat' dir='ltr'>liberis,</span> <span class='ocrx_word' id='word_1_129' title='bbox 1110 2186 1158 2232; x_wconf 90' lang='lat' dir='ltr'>ne</span> <span class='ocrx_word' id='word_1_130' title='bbox 1177 2161 1279 2260; x_wconf 92' lang='lat' dir='ltr'>quod</span> 
     </span>
     <span class='ocr_line' id='line_1_19' title="bbox 187 2269 1278 2370; baseline -0.005 -20"><span class='ocrx_word' id='word_1_131' title='bbox 187 2273 403 2370; x_wconf 81' lang='lat' dir='ltr'>7vestigiruu</span> <span class='ocrx_word' id='word_1_132' title='bbox 421 2277 511 2346; x_wconf 89' lang='lat' dir='ltr'>tanti</span> <span class='ocrx_word' id='word_1_133' title='bbox 529 2274 673 2347; x_wconf 89' lang='lat' dir='ltr'>sceleris</span> <span class='ocrx_word' id='word_1_134' title='bbox 690 2287 863 2359; x_wconf 84' lang='lat' dir='ltr'>exstaret,</span> <span class='ocrx_word' id='word_1_135' title='bbox 876 2269 1083 2344; x_wconf 77' lang='lat' dir='ltr'>interfecta.</span> <span class='ocrx_word' id='word_1_136' title='bbox 1100 2269 1278 2344; x_wconf 75' lang='lat' dir='ltr'>Posthac</span> 
     </span>
     <span class='ocr_line' id='line_1_20' title="bbox 218 2380 1278 2469; baseline 0 -17"><span class='ocrx_word' id='word_1_137' title='bbox 218 2387 428 2456; x_wconf 81' lang='lat' dir='ltr'>Artaxerxes</span> <span class='ocrx_word' id='word_1_138' title='bbox 449 2383 581 2456; x_wconf 90' lang='lat' dir='ltr'>morbo</span> <span class='ocrx_word' id='word_1_139' title='bbox 606 2411 650 2458; x_wconf 87' lang='lat' dir='ltr'>ex</span> <span class='ocrx_word' id='word_1_140' title='bbox 674 2384 801 2456; x_wconf 93' lang='lat' dir='ltr'>dolore</span> <span class='ocrx_word' id='word_1_141' title='bbox 824 2395 1013 2455; x_wconf 87' lang='lat' dir='ltr'>contracto</span> <span class='ocrx_word' id='word_1_142' title='bbox 1036 2380 1194 2469; x_wconf 88' lang='lat' dir='ltr'>decedit,</span> <span class='ocrx_word' id='word_1_143' title='bbox 1214 2406 1278 2452; x_wconf 86' lang='lat' dir='ltr'>rex</span> 
     </span>
     <span class='ocr_line' id='line_1_21' title="bbox 217 2492 612 2592; baseline 0.01 -30"><span class='ocrx_word' id='word_1_144' title='bbox 217 2517 328 2590; x_wconf 83' lang='lat' dir='ltr'>quarn</span> <span class='ocrx_word' id='word_1_145' title='bbox 346 2508 447 2592; x_wconf 91' lang='lat' dir='ltr'>pater</span> <span class='ocrx_word' id='word_1_146' title='bbox 464 2492 612 2566; x_wconf 80' lang='lat' dir='ltr'>felicior.</span> 
     </span>
     <span class='ocr_line' id='line_1_22' title="bbox 189 2602 1278 2702; baseline 0 -32"><span class='ocrx_word' id='word_1_147' title='bbox 189 2631 203 2670; x_wconf 84' lang='grc' dir='ltr'><strong>ι</strong></span> <span class='ocrx_word' id='word_1_148' title='bbox 266 2607 327 2673; x_wconf 88' lang='grc' dir='ltr'><strong>ΙΙΙ.</strong></span> <span class='ocrx_word' id='word_1_149' title='bbox 342 2603 527 2674; x_wconf 88' lang='lat' dir='ltr'>Hereditas</span> <span class='ocrx_word' id='word_1_150' title='bbox 538 2605 641 2700; x_wconf 86' lang='lat' dir='ltr'>regni</span> <span class='ocrx_word' id='word_1_151' title='bbox 655 2602 761 2675; x_wconf 91' lang='lat' dir='ltr'>Ocho</span> <span class='ocrx_word' id='word_1_152' title='bbox 775 2602 922 2691; x_wconf 89' lang='lat' dir='ltr'>tradita,</span> <span class='ocrx_word' id='word_1_153' title='bbox 934 2605 997 2702; x_wconf 87' lang='lat' dir='ltr'>qui</span> <span class='ocrx_word' id='word_1_154' title='bbox 1008 2605 1142 2672; x_wconf 90' lang='lat' dir='ltr'>timens</span> <span class='ocrx_word' id='word_1_155' title='bbox 1155 2623 1278 2698; x_wconf 90' lang='lat' dir='ltr'>parem</span> 
     </span>
     <span class='ocr_line' id='line_1_23' title="bbox 189 2711 1279 2810; baseline 0 -30"><span class='ocrx_word' id='word_1_156' title='bbox 189 2760 192 2768; x_wconf 86' lang='lat'>-</span> <span class='ocrx_word' id='word_1_157' title='bbox 220 2711 529 2804; x_wconf 85' lang='lat' dir='ltr'>conjurationem,</span> <span class='ocrx_word' id='word_1_158' title='bbox 554 2717 687 2810; x_wconf 85' lang='lat' dir='ltr'>regiam</span> <span class='ocrx_word' id='word_1_159' title='bbox 714 2729 955 2810; x_wconf 80' lang='lat' dir='ltr'>cognatorum</span> <span class='ocrx_word' id='word_1_160' title='bbox 978 2711 1074 2784; x_wconf 78' lang='lat' dir='ltr'>caede</span> <span class='ocrx_word' id='word_1_161' title='bbox 1102 2725 1138 2782; x_wconf 91' lang='lat' dir='ltr'>et</span> <span class='ocrx_word' id='word_1_162' title='bbox 1163 2724 1279 2807; x_wconf 83' lang='lat' dir='ltr'>strage</span> 
     </span>
     <span class='ocr_line' id='line_1_24' title="bbox 219 2821 1280 2921; baseline 0.001 -32"><span class='ocrx_word' id='word_1_163' title='bbox 219 2821 427 2920; x_wconf 89' lang='lat' dir='ltr'>principum</span> <span class='ocrx_word' id='word_1_164' title='bbox 448 2822 583 2921; x_wconf 89' lang='lat' dir='ltr'>replet,</span> <span class='ocrx_word' id='word_1_165' title='bbox 603 2823 702 2895; x_wconf 87' lang='lat' dir='ltr'>nulla</span> <span class='ocrx_word' id='word_1_166' title='bbox 725 2848 802 2893; x_wconf 90' lang='lat' dir='ltr'>non</span> <span class='ocrx_word' id='word_1_167' title='bbox 825 2824 1030 2920; x_wconf 85' lang='lat' dir='ltr'>sanguinis,</span> <span class='ocrx_word' id='word_1_168' title='bbox 1052 2847 1130 2892; x_wconf 92' lang='lat' dir='ltr'>non</span> <span class='ocrx_word' id='word_1_169' title='bbox 1155 2845 1280 2911; x_wconf 79' lang='lat' dir='ltr'>sexus,</span> 
     </span>
     <span class='ocr_line' id='line_1_25' title="bbox 218 2932 1281 3034; baseline 0.001 -33"><span class='ocrx_word' id='word_1_170' title='bbox 218 2955 300 3001; x_wconf 92' lang='lat' dir='ltr'>non</span> <span class='ocrx_word' id='word_1_171' title='bbox 318 2935 429 3004; x_wconf 84' lang='lat' dir='ltr'>aetatis</span> <span class='ocrx_word' id='word_1_172' title='bbox 450 2934 694 3006; x_wconf 87' lang='lat' dir='ltr'>misericordia</span> <span class='ocrx_word' id='word_1_173' title='bbox 718 2947 899 3034; x_wconf 90' lang='lat' dir='ltr'>permotus</span> <span class='ocrx_word' id='word_1_174' title='bbox 920 2960 929 3002; x_wconf 77' lang='grc' dir='ltr'><strong><em>ε</em></strong></span> <span class='ocrx_word' id='word_1_175' title='bbox 952 2932 1088 3005; x_wconf 84' lang='lat' dir='ltr'>scilicet</span> <span class='ocrx_word' id='word_1_176' title='bbox 1107 2957 1155 3003; x_wconf 90' lang='lat' dir='ltr'>ne</span> <span class='ocrx_word' id='word_1_177' title='bbox 1171 2932 1281 3002; x_wconf 92' lang='lat' dir='ltr'>inno·</span> 
     </span>
     <span class='ocr_line' id='line_1_26' title="bbox 192 3042 1282 3144; baseline -0.001 -30"><span class='ocrx_word' id='word_1_178' title='bbox 192 3079 208 3114; x_wconf 69' lang='grc' dir='ltr'><strong>ι</strong></span> <span class='ocrx_word' id='word_1_179' title='bbox 223 3044 362 3115; x_wconf 88' lang='lat' dir='ltr'>centior</span> <span class='ocrx_word' id='word_1_180' title='bbox 376 3042 547 3117; x_wconf 82' lang='lat' dir='ltr'>iratribus</span> <span class='ocrx_word' id='word_1_181' title='bbox 563 3045 749 3144; x_wconf 88' lang='lat' dir='ltr'>parricidis</span> <span class='ocrx_word' id='word_1_182' title='bbox 762 3043 967 3116; x_wconf 88' lang='lat' dir='ltr'>haberetur.</span> <span class='ocrx_word' id='word_1_183' title='bbox 980 3049 1097 3141; x_wconf 82' lang='lat' dir='ltr'>Atque</span> <span class='ocrx_word' id='word_1_184' title='bbox 1110 3046 1159 3114; x_wconf 91' lang='lat' dir='ltr'>ita</span> <span class='ocrx_word' id='word_1_185' title='bbox 1172 3043 1282 3114; x_wconf 87' lang='lat' dir='ltr'>veluti</span> 
     </span>
     <span class='ocr_line' id='line_1_27' title="bbox 191 3152 1280 3255; baseline -0.008 -25"><span class='ocrx_word' id='word_1_186' title='bbox 191 3152 412 3254; x_wconf 78' lang='lat' dir='ltr'>sptuificato</span> <span class='ocrx_word' id='word_1_187' title='bbox 430 3181 561 3255; x_wconf 83' lang='lat' dir='ltr'>regn0,</span> <span class='ocrx_word' id='word_1_188' title='bbox 574 3155 709 3232; x_wconf 88' lang='lat' dir='ltr'>bellum</span> <span class='ocrx_word' id='word_1_189' title='bbox 727 3153 889 3227; x_wconf 82' lang='lat' dir='ltr'>Cadruiis</span> <span class='ocrx_word' id='word_1_190' title='bbox 907 3152 1026 3226; x_wconf 83' lang='lat' dir='ltr'>infert.</span> <span class='ocrx_word' id='word_1_191' title='bbox 1041 3159 1087 3224; x_wconf 90' lang='lat' dir='ltr'>Iu</span> <span class='ocrx_word' id='word_1_192' title='bbox 1104 3178 1148 3224; x_wconf 90' lang='lat' dir='ltr'>eo</span> <span class='ocrx_word' id='word_1_193' title='bbox 1168 3177 1280 3250; x_wconf 81' lang='lat' dir='ltr'>quum</span> 
     </span>
    </p>
   </div>
   <div class='ocr_carea' id='block_1_3' title="bbox 216 3347 1286 4047">
    <p class='ocr_par' dir='ltr' id='par_1_3' title="bbox 216 3347 1284 3653">
     <span class='ocr_line' id='line_1_28' title="bbox 255 3347 1281 3422; baseline -0.003 -20"><span class='ocrx_word' id='word_1_194' title='bbox 255 3349 296 3402; x_wconf 89' lang='lat'>11.</span> <span class='ocrx_word' id='word_1_195' title='bbox 311 3371 336 3407; x_wconf 84' lang='lat' dir='ltr'>a.</span> <span class='ocrx_word' id='word_1_196' title='bbox 348 3357 463 3404; x_wconf 74' lang='lat' dir='ltr'>Fmterno</span> <span class='ocrx_word' id='word_1_197' title='bbox 476 3351 546 3404; x_wconf 81' lang='lat' dir='ltr'>bello.</span> <span class='ocrx_word' id='word_1_198' title='bbox 558 3351 637 3417; x_wconf 67' lang='lat' dir='ltr'>Atat,</span> <span class='ocrx_word' id='word_1_199' title='bbox 653 3353 727 3404; x_wconf 80' lang='lat' dir='ltr'>Junt.</span> <span class='ocrx_word' id='word_1_200' title='bbox 770 3349 944 3422; x_wconf 79' lang='lat' dir='ltr'>purificatur,</span> <span class='ocrx_word' id='word_1_201' title='bbox 980 3347 1027 3402; x_wconf 80' lang='lat' dir='ltr'>sed</span> <span class='ocrx_word' id='word_1_202' title='bbox 1069 3348 1281 3401; x_wconf 75' lang='lat' dir='ltr'>commaculatur.</span> 
     </span>
     <span class='ocr_line' id='line_1_29' title="bbox 216 3427 1283 3502; baseline -0.003 -21"><span class='ocrx_word' id='word_1_203' title='bbox 216 3428 295 3494; x_wconf 68' lang='lat' dir='ltr'>fratre</span> <span class='ocrx_word' id='word_1_204' title='bbox 309 3433 334 3481; x_wconf 86' lang='grc' dir='ltr'>ιἰι</span> <span class='ocrx_word' id='word_1_205' title='bbox 352 3429 422 3482; x_wconf 82' lang='lat' dir='ltr'>bello.</span> <span class='ocrx_word' id='word_1_206' title='bbox 438 3449 483 3484; x_wconf 78' lang='lat' dir='ltr'>au.</span> <span class='ocrx_word' id='word_1_207' title='bbox 493 3461 527 3470; x_wconf 90' lang='lat'>-—</span> <span class='ocrx_word' id='word_1_208' title='bbox 540 3435 624 3502; x_wconf 76' lang='lat' dir='ltr'>Sttpm.</span> <span class='ocrx_word' id='word_1_209' title='bbox 636 3429 673 3496; x_wconf 80' lang='lat' dir='ltr'>V,</span> <span class='ocrx_word' id='word_1_210' title='bbox 690 3449 729 3483; x_wconf 86' lang='grc' dir='ltr'>ιι.</span> <span class='ocrx_word' id='word_1_211' title='bbox 770 3428 841 3482; x_wconf 80' lang='lat' dir='ltr'>Hinc</span> <span class='ocrx_word' id='word_1_212' title='bbox 851 3446 908 3480; x_wconf 85' lang='lat' dir='ltr'>nou</span> <span class='ocrx_word' id='word_1_213' title='bbox 920 3439 972 3490; x_wconf 82' lang='lat' dir='ltr'>est,</span> <span class='ocrx_word' id='word_1_214' title='bbox 986 3443 1034 3480; x_wconf 88' lang='lat' dir='ltr'>cur</span> <span class='ocrx_word' id='word_1_215' title='bbox 1045 3443 1106 3478; x_wconf 87' lang='lat' dir='ltr'>cum</span> <span class='ocrx_word' id='word_1_216' title='bbox 1119 3427 1142 3477; x_wconf 88' lang='grc' dir='ltr'>Ι.</span> <span class='ocrx_word' id='word_1_217' title='bbox 1157 3427 1197 3477; x_wconf 82' lang='grc' dir='ltr'>Μ.</span> <span class='ocrx_word' id='word_1_218' title='bbox 1212 3427 1283 3478; x_wconf 84' lang='lat' dir='ltr'>Heu·</span> 
     </span>
     <span class='ocr_line' id='line_1_30' title="bbox 221 3502 1282 3580; baseline -0.002 -22"><span class='ocrx_word' id='word_1_219' title='bbox 221 3537 256 3548; x_wconf 89' lang='lat'><em>-</em></span> <span class='ocrx_word' id='word_1_220' title='bbox 271 3513 403 3580; x_wconf 68' lang='lat' dir='ltr'>Asperiora.</span> <span class='ocrx_word' id='word_1_221' title='bbox 422 3509 463 3561; x_wconf 86' lang='lat' dir='ltr'>De</span> <span class='ocrx_word' id='word_1_222' title='bbox 482 3525 533 3580; x_wconf 85' lang='lat' dir='ltr'>qua</span> <span class='ocrx_word' id='word_1_223' title='bbox 552 3507 647 3560; x_wconf 82' lang='lat' dir='ltr'>AElian.</span> <span class='ocrx_word' id='word_1_224' title='bbox 668 3507 729 3560; x_wconf 85' lang='lat' dir='ltr'>Var.</span> <span class='ocrx_word' id='word_1_225' title='bbox 771 3507 878 3578; x_wconf 76' lang='lat' dir='ltr'>ringet-o</span> <span class='ocrx_word' id='word_1_226' title='bbox 891 3502 1018 3572; x_wconf 79' lang='lat' dir='ltr'>(Emend.</span> <span class='ocrx_word' id='word_1_227' title='bbox 1030 3522 1092 3575; x_wconf 80' lang='lat' dir='ltr'>pag.</span> <span class='ocrx_word' id='word_1_228' title='bbox 1106 3508 1168 3571; x_wconf 81' lang='lat' dir='ltr'>aot)</span> <span class='ocrx_word' id='word_1_229' title='bbox 1181 3522 1198 3555; x_wconf 85' lang='lat' dir='ltr'>e</span> <span class='ocrx_word' id='word_1_230' title='bbox 1212 3503 1282 3556; x_wconf 76' lang='lat' dir='ltr'>vtu-</span> 
     </span>
     <span class='ocr_line' id='line_1_31' title="bbox 222 3580 1284 3653; baseline -0.005 -17"><span class='ocrx_word' id='word_1_231' title='bbox 222 3583 289 3638; x_wconf 76' lang='lat' dir='ltr'>nist.</span> <span class='ocrx_word' id='word_1_232' title='bbox 304 3585 373 3651; x_wconf 76' lang='lat' dir='ltr'>xit,</span> <span class='ocrx_word' id='word_1_233' title='bbox 388 3603 410 3640; x_wconf 94' lang='grc' dir='ltr'>ι.</span> <span class='ocrx_word' id='word_1_234' title='bbox 771 3597 840 3637; x_wconf 82' lang='lat' dir='ltr'>cent.</span> <span class='ocrx_word' id='word_1_235' title='bbox 853 3583 954 3636; x_wconf 82' lang='lat' dir='ltr'>Bellov.</span> <span class='ocrx_word' id='word_1_236' title='bbox 973 3583 1050 3653; x_wconf 79' lang='lat' dir='ltr'>Sper.</span> <span class='ocrx_word' id='word_1_237' title='bbox 1069 3581 1137 3633; x_wconf 81' lang='lat' dir='ltr'>Hist.</span> <span class='ocrx_word' id='word_1_238' title='bbox 1158 3580 1221 3646; x_wconf 89' lang='lat'>111,</span> <span class='ocrx_word' id='word_1_239' title='bbox 1235 3598 1284 3648; x_wconf 85' lang='lat'>90,</span> 
     </span>
    </p>

    <p class='ocr_par' dir='ltr' id='par_1_4' title="bbox 222 3659 1286 3888">
     <span class='ocr_line' id='line_1_32' title="bbox 258 3659 1285 3735; baseline -0.005 -19"><span class='ocrx_word' id='word_1_240' title='bbox 258 3669 283 3725; x_wconf 72' lang='grc'>4.</span> <span class='ocrx_word' id='word_1_241' title='bbox 305 3665 368 3716; x_wconf 54' lang='lat' dir='ltr'>Solae</span> <span class='ocrx_word' id='word_1_242' title='bbox 389 3681 441 3718; x_wconf 79' lang='lat' dir='ltr'>eam</span> <span class='ocrx_word' id='word_1_243' title='bbox 461 3663 595 3716; x_wconf 59' lang='lat' dir='ltr'>racemata</span> <span class='ocrx_word' id='word_1_244' title='bbox 610 3663 729 3735; x_wconf 71' lang='lat' dir='ltr'>proesecd.</span> <span class='ocrx_word' id='word_1_245' title='bbox 770 3663 843 3733; x_wconf 71' lang='lat' dir='ltr'>legas</span> <span class='ocrx_word' id='word_1_246' title='bbox 859 3659 1000 3733; x_wconf 79' lang='lat' dir='ltr'>pacificato,</span> <span class='ocrx_word' id='word_1_247' title='bbox 1020 3672 1065 3712; x_wconf 87' lang='lat' dir='ltr'>aut</span> <span class='ocrx_word' id='word_1_248' title='bbox 1078 3671 1179 3731; x_wconf 73' lang='lat' dir='ltr'>pacato.</span> <span class='ocrx_word' id='word_1_249' title='bbox 1198 3660 1238 3712; x_wconf 83' lang='lat' dir='ltr'>De</span> <span class='ocrx_word' id='word_1_250' title='bbox 1254 3676 1285 3711; x_wconf 72' lang='lat' dir='ltr'><strong><em>n</em></strong></span> 
     </span>
     <span class='ocr_line' id='line_1_33' title="bbox 222 3737 1285 3814; baseline -0.002 -24"><span class='ocrx_word' id='word_1_251' title='bbox 222 3739 352 3792; x_wconf 83' lang='lat' dir='ltr'>Plutarch.</span> <span class='ocrx_word' id='word_1_252' title='bbox 374 3743 463 3796; x_wconf 73' lang='lat' dir='ltr'>Artax.</span> <span class='ocrx_word' id='word_1_253' title='bbox 483 3760 542 3814; x_wconf 86' lang='lat' dir='ltr'>cap.</span> <span class='ocrx_word' id='word_1_254' title='bbox 565 3743 619 3808; x_wconf 76' lang='grc'>43,</span> <span class='ocrx_word' id='word_1_255' title='bbox 642 3743 732 3794; x_wconf 75' lang='lat' dir='ltr'>Dianai</span> <span class='ocrx_word' id='word_1_256' title='bbox 771 3741 850 3794; x_wconf 78' lang='lat' dir='ltr'>simili</span> <span class='ocrx_word' id='word_1_257' title='bbox 863 3740 932 3793; x_wconf 83' lang='lat' dir='ltr'>conl.</span> <span class='ocrx_word' id='word_1_258' title='bbox 946 3738 1014 3791; x_wconf 81' lang='lat' dir='ltr'>infra</span> <span class='ocrx_word' id='word_1_259' title='bbox 1027 3737 1218 3802; x_wconf 79' lang='lat' dir='ltr'>x1‚5,2.-</span> <span class='ocrx_word' id='word_1_260' title='bbox 1234 3741 1285 3788; x_wconf 79' lang='lat' dir='ltr'>Ca·</span> 
     </span>
     <span class='ocr_line' id='line_1_34' title="bbox 222 3815 1286 3888; baseline 0 -20"><span class='ocrx_word' id='word_1_261' title='bbox 222 3833 282 3888; x_wconf 79' lang='lat' dir='ltr'>quar</span> <span class='ocrx_word' id='word_1_262' title='bbox 292 3829 329 3869; x_wconf 79' lang='lat' dir='ltr'>eat</span> <span class='ocrx_word' id='word_1_263' title='bbox 343 3819 487 3873; x_wconf 77' lang='lat' dir='ltr'>Ecbatanis.</span> <span class='ocrx_word' id='word_1_264' title='bbox 502 3839 548 3873; x_wconf 84' lang='lat' dir='ltr'>an.</span> <span class='ocrx_word' id='word_1_265' title='bbox 772 3819 856 3871; x_wconf 72' lang='grc' dir='ltr'>ἆιιιίιζι.</span> <span class='ocrx_word' id='word_1_266' title='bbox 868 3819 939 3872; x_wconf 83' lang='lat' dir='ltr'>Bene</span> <span class='ocrx_word' id='word_1_267' title='bbox 954 3836 988 3870; x_wconf 84' lang='lat' dir='ltr'>ex</span> <span class='ocrx_word' id='word_1_268' title='bbox 1002 3815 1082 3870; x_wconf 89' lang='lat' dir='ltr'>Diod.</span> <span class='ocrx_word' id='word_1_269' title='bbox 1095 3834 1167 3880; x_wconf 88' lang='lat' dir='ltr'>nou,</span> <span class='ocrx_word' id='word_1_270' title='bbox 1181 3827 1212 3868; x_wconf 89' lang='lat' dir='ltr'>ut</span> <span class='ocrx_word' id='word_1_271' title='bbox 1223 3816 1286 3886; x_wconf 86' lang='lat' dir='ltr'>qui·</span> 
     </span>
    </p>

    <p class='ocr_par' dir='ltr' id='par_1_5' title="bbox 257 3893 1285 3965">
     <span class='ocr_line' id='line_1_35' title="bbox 257 3893 1285 3965; baseline 0.001 -20"><span class='ocrx_word' id='word_1_272' title='bbox 257 3895 729 3965; x_wconf 71' lang='lat' dir='ltr'>111.t.0clo.hrtaxerxi.-A.U.389.</span> <span class='ocrx_word' id='word_1_273' title='bbox 773 3896 834 3950; x_wconf 86' lang='lat' dir='ltr'>dam</span> <span class='ocrx_word' id='word_1_274' title='bbox 847 3897 950 3960; x_wconf 83' lang='lat' dir='ltr'>Aducis,</span> <span class='ocrx_word' id='word_1_275' title='bbox 965 3913 1015 3948; x_wconf 86' lang='lat' dir='ltr'>uec</span> <span class='ocrx_word' id='word_1_276' title='bbox 1028 3898 1159 3959; x_wconf 58' lang='lat' dir='ltr'>ammas,</span> <span class='ocrx_word' id='word_1_277' title='bbox 1178 3894 1240 3965; x_wconf 83' lang='lat' dir='ltr'>quia</span> <span class='ocrx_word' id='word_1_278' title='bbox 1255 3893 1285 3946; x_wconf 88' lang='lat' dir='ltr'>in</span> 
     </span>
    </p>

    <p class='ocr_par' dir='ltr' id='par_1_6' title="bbox 259 3971 1284 4047">
     <span class='ocr_line' id='line_1_36' title="bbox 259 3971 1284 4047; baseline 0.002 -23"><span class='ocrx_word' id='word_1_279' title='bbox 259 3990 283 4024; x_wconf 88' lang='lat' dir='ltr'>a.</span> <span class='ocrx_word' id='word_1_280' title='bbox 298 3975 357 4025; x_wconf 82' lang='lat' dir='ltr'>Pari</span> <span class='ocrx_word' id='word_1_281' title='bbox 413 3994 436 4027; x_wconf 89' lang='grc' dir='ltr'>ο.</span> <span class='ocrx_word' id='word_1_282' title='bbox 456 3977 526 4028; x_wconf 78' lang='lat' dir='ltr'>liene</span> <span class='ocrx_word' id='word_1_283' title='bbox 546 3973 619 4028; x_wconf 83' lang='lat' dir='ltr'>addit</span> <span class='ocrx_word' id='word_1_284' title='bbox 640 3987 731 4029; x_wconf 82' lang='lat' dir='ltr'>auctor</span> <span class='ocrx_word' id='word_1_285' title='bbox 772 3975 940 4047; x_wconf 80' lang='lat' dir='ltr'>sequentibus</span> <span class='ocrx_word' id='word_1_286' title='bbox 952 3975 1070 4044; x_wconf 70' lang='lat' dir='ltr'>legerant</span> <span class='ocrx_word' id='word_1_287' title='bbox 1080 3971 1284 4026; x_wconf 82' lang='lat' dir='ltr'>Codomannum</span> 
     </span>
    </p>
   </div>
   <div class='ocr_carea' id='block_1_4' title="bbox 223 4049 1136 4127">
    <p class='ocr_par' dir='ltr' id='par_1_7' title="bbox 223 4049 1136 4127">
     <span class='ocr_line' id='line_1_37' title="bbox 223 4049 1136 4127; baseline 0.001 -24"><span class='ocrx_word' id='word_1_288' title='bbox 223 4050 307 4104; x_wconf 70' lang='lat' dir='ltr'>vetra</span> <span class='ocrx_word' id='word_1_289' title='bbox 320 4049 442 4111; x_wconf 76' lang='lat' dir='ltr'>Gadibus</span> <span class='ocrx_word' id='word_1_290' title='bbox 456 4053 531 4106; x_wconf 80' lang='lat' dir='ltr'>enim</span> <span class='ocrx_word' id='word_1_291' title='bbox 545 4071 657 4126; x_wconf 71' lang='lat' dir='ltr'>regnum</span> <span class='ocrx_word' id='word_1_292' title='bbox 675 4071 731 4108; x_wconf 84' lang='lat' dir='ltr'>nou</span> <span class='ocrx_word' id='word_1_293' title='bbox 771 4051 1075 4127; x_wconf 76' lang='lat' dir='ltr'>Arrneuiiaproeiectum.</span> <span class='ocrx_word' id='word_1_294' title='bbox 1090 4067 1136 4105; x_wconf 78' lang='lat' dir='ltr'>aa.</span> 
     </span>
    </p>
   </div>
   <div class='ocr_carea' id='block_1_5' title="bbox 0 0 1504 4684">
    <p class='ocr_par' dir='ltr' id='par_1_8' title="bbox 0 0 1504 4684">
     <span class='ocr_line' id='line_1_38' title="bbox 0 0 1504 4684; baseline 0 0"><span class='ocrx_word' id='word_1_295' title='bbox 0 0 1504 4684; x_wconf 95' lang='lat' dir='ltr'> </span> 
     </span>
    </p>
   </div>
  </div>
 </body>
</html>
