2967 4684
227 367 297 443 388
653 365 865 437 IUSTINI

160 633 165 640 Ι
228 603 1294 634 ΜΜΜΜΜΜΜΜκιΜΜΜΜ

491 801 729 906 LIBER
770 797 1027 903 XXVII.

659 1069 832 1087 m

198 1258 253 1344 11.
273 1223 447 1330 Monrno
478 1254 587 1349 syrtae
619 1275 703 1351 rege
730 1250 933 1340 Antiocho,
962 1273 1077 1349 quum
1106 1250 1294 1324 inlocum

226 1365 304 1459 ejus
317 1359 414 1434 filius
429 1363 600 1436 Seleucus
619 1365 869 1453 successisset,
885 1361 1057 1437 hortante
1074 1377 1189 1434 matre
1207 1366 1296 1433 Lao·

226 1473 327 1562 dice,
341 1497 421 1572 quae
439 1471 637 1572 prohibere
654 1472 847 1563 debuerat,
861 1474 1020 1572 auspicia
1032 1474 1134 1570 regni
1149 1491 1170 1543 a
1185 1472 1296 1571 parri·

198 1584 321 1655 scidio
335 1585 456 1681 coepit.
470 1584 615 1682 Quippe
630 1585 832 1657 Berenicen
852 1607 1047 1656 novercam
1065 1609 1182 1672 suam,
1198 1609 1296 1656 soro·

225 1719 305 1767 rem
323 1694 527 1782 Ptolemaei,
544 1697 639 1792 regis
661 1697 824 1793 AEgypti,
843 1719 928 1766 cum
949 1694 1099 1793 parvulo
1124 1691 1234 1766 fratre
1250 1719 1295 1766 ex

196 1821 268 1876 sea
293 1819 464 1904 suscepto
489 1804 675 1876 interficit.
703 1807 787 1896 Quo
814 1803 978 1876 facinore
1007 1819 1234 1903 perpetrato,
1260 1819 1296 1876 et

100 2005 106 2012 ι
225 1912 381 1985 insamiae
400 1913 580 1988 maculam
600 1915 731 2005 subiit,
746 1931 783 1988 et
803 1915 985 1988 Ptolemaei
1004 1915 1101 1988 bello
1123 1941 1162 1989 se
1179 1917 1296 2016 impli-

196 2027 313 2102 tcuit
328 2031 442 2097 Porro
459 2029 647 2114 Berenice,
662 2051 777 2127 quum
794 2025 839 2097 ad
856 2051 893 2098 se
912 2025 1201 2098 interficiendam
1214 2030 1297 2098 mis-

196 2154 284 2210 ssos
303 2137 502 2228 didicisset,
514 2130 686 2238 Daphne
705 2164 744 2213 se
760 2137 904 2211 claudit.
919 2137 991 2210 Ubi
1008 2163 1121 2236 quum
1137 2137 1296 2212 obsideri

225 2275 305 2321 eam
314 2275 399 2321 cum
407 2236 560 2351 parvulo
569 2250 646 2322 titio
660 2253 871 2322 nuntiatum
881 2251 970 2322 Asiae
980 2249 1183 2322 civitatibus
1193 2263 1297 2338 esset,

224 2362 479 2434 recordatione
505 2377 685 2460 paternae,
714 2362 971 2459 majorumque
994 2361 1071 2456 ejus
1093 2358 1296 2458 dignitatis,

227 2494 352 2542 casum
377 2485 451 2542 tom
475 2471 634 2569 indignae
660 2469 819 2544 fortunae
849 2472 1083 2560 miserantes,
1107 2471 1234 2544 auxilia
1263 2473 1295 2543 ei

197 2603 356 2652 somnes
372 2583 512 2654 misere.
526 2587 649 2652 Frater
666 2607 815 2680 quoque
833 2581 1044 2654 Ptolemaeus
1061 2583 1222 2680 periculo
1239 2607 1295 2656 so-

226 2694 321 2798 roris
339 2695 546 2780 exterritus,
564 2693 693 2800 relicto
710 2717 846 2802 regno,
865 2717 949 2765 cum
965 2693 1136 2767 omnibus
1156 2692 1299 2767 viribus

262 2901 287 2956 1.
303 2921 327 2956 ι.
343 2903 472 2955 anneto.
492 2902 660 2976 cognomine
680 2911 742 2960 neo.
786 2919 813 2960 et
826 2909 980 2981 Epidaplmes
992 2909 1055 2964 inde
1073 2903 1296 2966 dieitur.Nomeu

226 2984 307 3052 Resp.
315 2992 373 3033 not
386 2979 420 3033 ad
432 2981 527 3033 xxvl
536 3021 544 3048 ,
554 2984 584 3049 3,
595 2985 625 3051 ὃς
636 2997 663 3038 et
671 2985 742 3039 conf.
786 2988 842 3040 sine
856 2986 939 3042 dubio
952 2989 1081 3044 indictum
1096 2990 1145 3043 tuit
1158 3009 1172 3042 e
1185 2990 1298 3046 Seleuco

226 3058 742 3129 Ptin.vt1,n;vater.nax.ttt,1ren.
785 3066 926 3120 Nicanore.
940 3071 981 3121 De
993 3069 1046 3121 hoc
1059 3068 1129 3122 enim
1143 3087 1221 3142 cupre
1233 3069 1297 3137 XV,

228 3157 254 3193 t.
263 3138 420 3190 -seteucue
430 3139 516 3213 Hujus
525 3142 640 3196 nominis
650 3161 742 3197 secum
784 3151 815 3211 4,
827 3148 856 3213 8,
872 3147 963 3200 scribit
978 3148 1089 3214 Noster,
1102 3147 1176 3219 quod
1190 3165 1297 3220 compos

226 3215 278 3270 dns
290 3215 357 3286 (rid.
368 3217 436 3289 ind.)
447 3237 496 3291 per
506 3239 549 3274 en.
564 3221 692 3277 sos-528.
706 3253 740 3263 -
781 3225 1295 3298 vicinosdntiocbiedpollinidicarerit.

225 3297 340 3350 Laodice.
349 3297 418 3362 Quae
427 3317 503 3351 soror
513 3312 540 3352 et
552 3318 621 3354 uxor
634 3301 740 3373 repulsa
782 3301 851 3356 Huic
870 3317 957 3358 autem
977 3305 1093 3358 adamate
1107 3305 1157 3359 tuit
1170 3307 1293 3379 Daphne.

226 3376 313 3429 fueret
335 3375 478 3442 Antiochi,
497 3377 531 3429 ab
553 3378 610 3450 ipsa
635 3397 740 3434 veneno
781 3383 963 3456 Quaequidem
972 3384 1037 3439 levis
1046 3387 1206 3458 conjecture.
1219 3403 1265 3438 nn.

225 3453 369 3508 interemti.
385 3453 448 3507 Vid.
464 3467 522 3507 not.
534 3455 569 3509 ed
581 3457 695 3525 XXVI,
709 3459 739 3526 3,
821 3462 847 3514 5.
875 3469 995 3514 Paternoe.
1018 3463 1083 3517 Filia
1108 3475 1181 3528 erat,
1204 3475 1235 3516 ut
1259 3463 1294 3517 ed

226 3533 253 3585 8.
265 3563 299 3574 -
309 3533 389 3585 Anno
401 3533 483 3585 Urbis
495 3533 555 3586 508.
781 3539 891 3606 xxvt,
907 3541 935 3606 3,
950 3541 983 3608 8,
997 3539 1067 3608 dixi,
1078 3541 1211 3595 Ptoleunei
1227 3541 1294 3594 Phi·

262 3630 287 3664 ι.
298 3608 510 3663 ΒεηπὶεειιΝἱά.
519 3623 575 3665 not.
587 3611 621 3666 ed
631 3613 738 3682 XXVI,
780 3616 911 3691 ladelpbi,
924 3621 1013 3692 neptis
1028 3621 1161 3674 Ptolemei
1176 3619 1294 3694 hgide.

226 3687 258 3754 3,
272 3689 297 3741 8.
309 3720 343 3730 -
357 3689 486 3742 Ptolemaei.
509 3691 661 3764 Euergetre,
679 3711 737 3765 cap.
780 3697 1047 3768 —Iudigrnaefortmroe¹
1056 3700 1295 3766 Fortnnemiserae,

225 3785 255 3831 α,
269 3771 426 3838 giu-negti
449 3772 557 3841 Egypti-
582 3769 634 3823 Per
655 3787 739 3826 enno·
779 3772 909 3841 adverse,
923 3794 974 3850 que
987 3778 1191 3832 hsncfeminem
1203 3776 1295 3850 indig-

225 3843 357 3913 507-533.
780 3871 842 3907 nam
850 3853 1012 3926 judicabant.
1023 3857 1097 3929 Ergo
1110 3875 1165 3910 non
1179 3869 1234 3922 est,
1247 3877 1296 3913 cue

258 3921 284 3975 ³.
302 3922 442 3987 Infamia...
462 3924 542 3978 radiat.
565 3925 604 3979 Ut
625 3928 740 3982 uitiorum
780 3949 842 3985 cum
857 3935 943 3988 Gron.
958 3954 1009 3991 evo
1023 3936 1139 4009 corrigas
1155 3935 1294 4007 iadrknum,

223 3997 301 4050 subire
311 4003 419 4065 worma,
434 4001 554 4056 cteott.
565 4004 621 4068 ttt,
633 4005 663 4058 13
671 4019 738 4060 extr.
778 4012 895 4066 referens
907 4011 941 4066 ed
954 4035 1047 4080 casum,
1060 4015 1133 4088 quod
1142 4016 1201 4086 ipse
1211 4017 1297 4087 expli·

258 4083 282 4141 4.
293 4078 411 4148 Daplmoe.
419 4079 546 4151 Daphne,
556 4083 591 4133 sit
600 4085 737 4152 Vorstins,
778 4101 820 4142 cat
832 4091 973 4158 effectum
993 4095 1054 4148 coll.
1070 4095 1136 4148 Ces.
1148 4097 1212 4150 Bell.
1226 4096 1297 4151 Gall.

222 4153 402 4209 suburbanum
423 4155 476 4210 tuit
496 4157 659 4230 Antiochia,
677 4182 737 4236 qn·
782 4167 842 4234 vt,
856 4170 903 4234 35,
919 4189 951 4238 ²3
967 4173 1038 4225 Flor.
1054 4171 1098 4241 11,
1111 4175 1142 4240 8,
1157 4191 1180 4226 r.
