2967 4684
220 338 287 410 136
641 346 850 415 JUSTINI

174 444 354 551 ‘tessent‚
375 465 508 535 statuit.
530 465 694 561 Virgines
718 468 797 536 sine
823 464 908 537 dote
934 462 1075 535 nubere
1096 464 1219 559 jussit,
1238 477 1279 533 ut

214 577 347 645 uxores
364 574 599 671 eligerentur,
613 600 690 646 non
711 578 892 675 pecuniae3
911 578 1141 673 severiusque
1159 574 1280 644 matri·

215 688 339 757 monia
359 710 423 757 sua
442 687 509 757 viri
532 702 760 774 coercerent,
777 712 891 785 quum
913 684 1021 757 nullis
1043 683 1138 756 dotis
1159 681 1279 755 lraenis
1337 708 1340 715 ·

186 808 440 877 otencrentur.
463 797 658 866 Maximum
680 794 861 867 honorem
886 820 963 867 non
985 794 1135 866 divitum
1157 807 1194 866 et
1214 818 1278 892 po-

215 906 390 990 tendum,
403 903 465 975 sed
482 929 549 1002 pro
565 901 678 999 gradu
691 903 821 991 aetatis,
834 927 962 974 senum
977 926 1053 973 esse
1065 903 1190 974 voluit.
1203 906 1279 977 Nec

216 1036 305 1082 sane
320 1037 473 1109 usquam
489 1028 668 1085 terrarum
683 1012 806 1085 locum
823 1012 1096 1085 honoratiorem
1112 1030 1279 1086 senectus
1307 1042 1310 1053 ·

172 1120 336 1193 sehabet.
361 1128 444 1193 Haec
465 1125 641 1221 quoniam
663 1124 802 1222 primu,
822 1122 946 1195 solutis
970 1137 1076 1194 antea
1096 1122 1278 1212 moribus,

217 1232 309 1303 dura
326 1232 471 1306 videbat
492 1258 587 1320 esse,
606 1248 791 1305 auctorem
816 1258 943 1305 eorum
970 1231 1172 1332 Apollinem
1190 1232 1280 1309 ¹Del-

216 1340 366 1441 phicum
388 1340 515 1442 fingit,
537 1359 575 1415 et
599 1343 685 1415 inde
709 1368 747 1415 se
776 1368 818 1415 ea
844 1368 885 1415 ex
909 1359 1090 1444 praecepto
1118 1344 1279 1415 numinis

216 1450 407 1541 detulisse,
430 1468 473 1525 ut
499 1452 762 1525 consuescendi
790 1454 935 1526 taedium
959 1470 1076 1526 metus
1099 1454 1280 1552 religionis

172 1590 203 1627 11
216 1563 348 1634 vincat.
364 1568 456 1635 Dein
474 1580 515 1635 ut
525 1566 784 1636 'aeternitatem'
796 1564 934 1662 legibus
953 1566 1026 1637 suis
1044 1564 1164 1653 daret,
1177 1567 1280 1661 jure-

213 1674 373 1769 jurando
399 1673 538 1772 obligat
557 1678 757 1763 civitatem,
777 1675 868 1746 nihil
889 1702 950 1747 eos
972 1674 1017 1747 (le
1042 1677 1117 1773 ejus
1142 1674 1281 1773 legibus

220 1790 440 1875 mutaturos,
454 1786 664 1884 priusquam
679 1800 918 1858 reverteretur
932 1814 940 1857 :
954 1802 990 1857 et
1008 1786 1167 1874 simulat,
1180 1810 1217 1857 se
1235 1784 1280 1856 ad

219 1893 408 1965 oraculum
432 1896 649 1994 Delphicum
671 1893 872 1996 proficisci,
895 1894 1168 1984 consulturum,
1192 1892 1280 1993 quid

176 2031 207 2067 n
221 2003 429 2078 addendum
447 2007 706 2079 mutandumve
721 2006 859 2106 legibus
875 2006 1066 2078 videretur.
1081 2005 1281 2078 Proficisci·

220 2130 280 2185 tur
297 2129 417 2187 autem
436 2122 604 2218 Cretam,
621 2117 745 2217 ibique
771 2135 985 2218 perpetuum
1008 2118 1170 2189 exsilium
1192 2120 1282 2216 egit,

218 2224 398 2323 abjicique
416 2232 454 2299 in
477 2254 575 2300 mare
598 2255 678 2313 ossa
700 2254 762 2300 sua
781 2231 940 2301 moriens
958 2230 1082 2325 jussit,
1099 2254 1146 2300 ne
1164 2228 1282 2299 relatis

168 2399 170 2406 .
217 2336 531 2427 Lacedaemonem,
546 2339 682 2411 solutos
699 2366 737 2413 se
760 2342 924 2439 Spartani
944 2340 1117 2438 religione
1136 2341 1282 2438 jurisju-

218 2445 324 2515 randi
342 2449 380 2517 in
399 2447 635 2521 dissolvendis
654 2451 791 2547 legibus
807 2450 1078 2522 arbitrarentur.

192 2587 205 2620 1
265 2559 324 2626 IV.
341 2560 404 2628 llis
422 2560 531 2657 igitur
550 2560 714 2632 moribus
733 2563 785 2631 ita
810 2560 908 2632 brevi
932 2564 1055 2633 civitas
1078 2562 1283 2649 convaluit,
1311 2588 1315 2595 ·

221 2678 281 2753 ut,
291 2691 405 2762 quum
417 2670 620 2757 Messeniis,
635 2686 786 2769 propter
795 2687 973 2771 stupratas
982 2673 1137 2770 virgines
1147 2692 1228 2743 suas
1242 2674 1281 2741 in

257 2880 283 2931 9.
294 2868 345 2915 Nee
357 2884 416 2917 sene
426 2880 476 2921 etc.
486 2862 645 2939 Exemplum
652 2870 733 2923 babes
811 2891 850 2925 rs.
862 2872 945 2945 Ibique
952 2883 1090 2945 perpetuans
1104 2872 1212 2922 essils’m
1223 2872 1281 2939 epit.

221 2941 295 3015 apud
304 2944 359 2995 Cic.
369 2944 397 2997 in
407 2947 499 2999 Calon.
510 2946 622 3013 xvm,
631 2952 661 3000 6:
671 2947 732 3001 ideo
773 2951 814 3003 De
823 2950 882 3003 loeo
894 2952 985 3003 mortis
993 2969 1023 3004 ac
1033 2950 1172 3023 sepulturas
1184 2947 1283 3000 dissen-

220 3022 540 3088 Juvenstis,xt11‚53:
773 3048 831 3082 mm
853 3042 988 3083 auctorum
1011 3027 1126 3082 ostendit
1149 3027 1282 3079 Plutarch.

220 3116 376 3158 cadet-sibor
386 3120 456 3170 grute
466 3122 524 3168 ses..
532 3128 620 3161 remote
629 3120 730 3172 pient-n,
773 3128 819 3162 nn.
833 3140 866 3149 ——
878 3109 1032 3181 Adjiciqne...
1046 3108 1226 3159 evibrarentur.
1242 3106 1283 3158 si·

218 3179 612 3235 ffiifflfffflfflfflffwssv·
626 3194 659 3224 ⁸⁰·
771 3188 833 3239 mile
846 3187 912 3239 inira
926 3206 983 3257 cap.
998 3193 1027 3251 ά,
1044 3188 1132 3239 ι3·ι6.

257 3281 298 3316 10.
323 3262 457 3333 Apollinem
479 3263 616 3333 Delplsicuns
651 3261 728 3314 cont.
807 3264 858 3317 IV.
875 3284 897 3317 r,
915 3272 1015 3335 Propter
1030 3275 1149 3336 stupratas
1165 3263 1282 3331 uirgines.

217 3340 275 3393 cte.
292 3340 380 3393 Divin.
393 3340 423 3406 l,
438 3342 485 3407 433
500 3342 610 3393 Pausan.
624 3340 685 3403 Ill,
700 3358 728 3404 s,
771 3340 822 3394 Adi
835 3343 986 3395 Pausaniam
1001 3341 1052 3406 IV,
1065 3348 1097 3406 4,
1109 3338 1284 3404 s,latiusbasc

218 3426 253 3484 43
271 3418 400 3472 Herodot.
416 3420 443 3486 1,
460 3422 505 3474 65.
523 3451 557 3459 -
575 3426 653 3471 Menas
674 3420 730 3469 reli·
772 3434 928 3484 narrantem
937 3421 996 3473 roll.
1006 3412 1177 3482 biodvm,
1188 3418 1284 3487 fragm.

215 3501 304 3565 pionis.
321 3499 411 3551 Metus
429 3498 565 3569 religionis
586 3496 729 3567 (deorum)
773 3500 798 3551 3.
809 3530 841 3539 -
852 3502 1002 3549 Messeniam.
1015 3497 1165 3551 Schellerus
1176 3496 1219 3547 hic
1231 3493 1285 3565 legi

218 3576 302 3629 vineit
322 3575 430 3628 tedium
452 3574 655 3639 consuescendi,
673 3572 728 3627 scil.
772 3578 830 3630 vult
848 3582 980 3628 Messenen
998 3588 1042 3629 aut
1057 3582 1193 3637 Messenen,
1208 3574 1285 3625 bene.

219 3654 299 3719 cives,
309 3654 389 3707 deum
397 3654 489 3707 barum
500 3656 731 3726 legumanctorem
772 3660 837 3707 Nam
852 3659 971 3707 Messenia
985 3667 1023 3707 est
1039 3672 1102 3725 ager
1120 3672 1166 3705 sen
1178 3652 1285 3705 territo·

219 3746 355 3798 verentes,
373 3732 530 3787 adsuescunt
553 3734 595 3787 his
608 3734 729 3808 quamvis
771 3734 841 3785 rium
855 3734 1062 3797 Messeniorum
1078 3736 1186 3783 Messena
1198 3742 1285 3781 autem

219 3808 375 3863 durissimis.
770 3813 813 3864 vel
825 3818 932 3863 Messene
943 3822 981 3863 est
996 3812 1057 3863 urbs
1070 3807 1196 3861 territorii
1207 3806 1284 3877 prin·

136 3882 145 3934 ¹-
258 3906 298 3942 ιι.
316 3894 348 3939 tn
358 3895 509 3941 eternitatem
521 3891 615 3961 legibus
625 3893 674 3941 suis
686 3889 730 3941 do·
771 3907 841 3962 ceps.
857 3888 978 3941 Plin.,lV
992 3888 1059 3941 nist.
1069 3888 1129 3940 Nat.
1146 3888 1181 3941 5:
1195 3885 1234 3937 tbi
1245 3904 1285 3935 re·

216 3978 263 4019 ret.
287 3968 421 4022 Steterunt
444 3988 495 4039 7oo
515 3971 591 4022 annis
615 3987 648 4020 ex
670 3970 728 4023 Liv.
769 3972 812 4038 gio
824 3972 1048 4021 Messenia...intns
1061 3978 1139 4018 entem
1153 3970 1282 4043 r'prsaMes·

219 4044 497 4115 xxxvttt,3t,9;
513 4048 610 4100 isoes
627 4049 729 4100 Plutar·
771 4066 835 4098 sene.
856 4064 901 4099 sn.
922 4076 955 4086 -
976 4044 1129 4117 Spondentes.
1155 4044 1286 4096 Construe

216 4128 282 4190 eho,
297 4126 325 4178 in
339 4124 479 4197 lycurgo,
492 4144 550 4198 cap.
567 4128 610 4178 56.
629 4144 676 4179 sn.
772 4142 833 4183 sum
844 4138 922 4196 proec.
938 4123 1110 4175 obstrinxerint
1120 4122 1173 4175 hoc
1187 4138 1264 4173 sensu
1276 4136 1284 4169 :
