2967 4684
396 403 778 478 HISTORIARUM
802 408 962 480 LIBER
985 411 1115 480 XXII.
1211 407 1281 509 349

217 537 259 594 ,et
277 529 490 616 sententias,
505 529 714 626 priusquam
726 529 982 620 recitarentur,
995 531 1034 601 in
1046 554 1175 602 urnam
1190 556 1279 604 con·
1355 584 1357 589 -

218 635 346 728 jactas,
359 636 543 734 obsignari
555 639 758 734 jusserunt,
772 637 858 710 dum
872 640 960 712 alter
977 637 1175 730 Hamilcar,
1191 645 1278 713 Gis-

223 746 326 826 conis
347 743 465 835 filius,
486 772 508 818 a
534 747 649 820 Sicilia
678 763 927 821 reverteretur.
956 749 1025 822 sed
1051 748 1128 822 haec
1153 751 1306 830 callidas

222 871 427 928 commenta
457 861 672 945 Poenorum,
693 872 729 929 et
756 861 952 930 sententias
977 858 1156 931 inauditas
1179 885 1278 933 mors

222 967 430 1038 Hamilcaris
455 971 649 1065 praevcnit;
672 967 916 1066 liberatusque
941 983 995 1040 est
1020 967 1083 1040 fati
1100 995 1277 1060 munere,

215 1099 330 1173 squem
345 1078 400 1147 sui
414 1101 479 1176 per
494 1079 661 1174 injuriam
676 1080 772 1149 cives
787 1078 989 1152 inauditum
1007 1078 1276 1181 damnaverant.

220 1188 308 1275 Quae
327 1211 385 1259 res
406 1186 591 1284 Agathocli
605 1188 779 1268 ¹adversus
800 1193 932 1261 Poenos
954 1192 1182 1262 occasionem
1200 1217 1306 1271 mos

221 1297 330 1367 vendi
357 1297 443 1367 belli
470 1297 577 1370 dedit.
609 1300 725 1370 Prima
751 1300 861 1395 igitur
891 1299 941 1370 illi
967 1324 1050 1372 cum
1078 1302 1306 1392 Hamilcare„

220 1408 389 1480 Gisconis
419 1407 495 1480 lilio
524 1409 635 1508 praelii
657 1411 864 1507 congressio
885 1408 980 1482 fuit:
1004 1435 1120 1507 aquo
1143 1413 1278 1501 victus,
1308 1415 1311 1421 ’

212 1521 354 1614 ,majore
367 1520 464 1591 mole
476 1511 705 1620 reparaturus
717 1519 870 1608 bellum,
883 1524 1073 1616 Syracusas
1087 1524 1275 1594 concessit.

211 1629 287 1704 Sed
308 1631 459 1702 secundi
479 1632 684 1704 certaminis
702 1629 829 1702 cadem
846 1628 1010 1719 fortuna,
1028 1655 1108 1728 quae
1125 1645 1163 1701 et
1182 1632 1276 1729 prio
1290 1665 1323 1702 ιο

210 1741 284 1830 ris,
299 1739 376 1814 fuit.
401 1801 404 1810 .

266 1854 323 1922 IV.
335 1854 456 1941 Quum
470 1853 578 1948 igitur
591 1853 747 1923 victores
761 1853 865 1922 Poeni
881 1853 1071 1948 Syracusas
1085 1843 1276 1924 obsidione
1290 1881 1305 1922 ι

219 1961 436 2050 cinxissent.
451 1960 738 2059 Agathoclesque
758 1986 796 2032 se
816 1986 885 2032 nce
902 1961 1041 2033 viribus
1057 1984 1197 2060 parem,
1212 1986 1277 2033 nc·

210 2095 289 2168 quc
321 2070 364 2150 ad
399 2069 628 2153 obsidionem
655 2069 844 2140 ferendam
870 2072 1091 2143 instructum
1116 2071 1276 2156 videret;

218 2205 326 2278 super
343 2180 420 2252 haec
439 2206 459 2253 a
474 2183 597 2266 sociis,
614 2179 824 2250 crudelitate
838 2179 915 2274 ejus
931 2177 1101 2266 offensis,
1114 2179 1276 2251 desertus

217 2309 324 2378 esset,
338 2295 461 2364 statuit
471 2291 607 2364 bellum
619 2291 658 2372 in
671 2287 827 2377 Africam
842 2287 1052 2376 transferre,
1065 2289 1155 2359 mira
1172 2314 1275 2387 pror·
1288 2328 1303 2360 ι

209 2427 276 2482 ¹sus
296 2403 464 2491 audacia,
484 2416 543 2490 ut,
566 2398 698 2499 quibus
723 2401 762 2468 in
785 2398 862 2470 solo
884 2398 988 2472 urbis
1013 2423 1085 2471 suae
1108 2423 1175 2496 par
1196 2424 1275 2472 non

208 2527 308 2596 erat,
320 2537 446 2585 eorum
459 2510 542 2582 urbi
556 2510 691 2582 bellum
706 2506 874 2598 inferret,
886 2523 923 2580 et
935 2512 998 2606 qui
1011 2535 1076 2582 sua
1088 2511 1181 2582 tueri
1196 2537 1275 2596 non

216 2637 375 2721 poterat,
397 2624 624 2722 impugnaret
646 2621 781 2709 aliena;
797 2622 987 2718 victusque
1005 2621 1203 2694 victoribus
1219 2625 1275 2694 in-

248 2835 724 2908 6.Astctlta.1²reinsh.legittnstct·
763 2833 886 2908 variaque
901 2834 931 2889 in
946 2835 990 2889 bis
1003 2835 1154 2908 Agathoclis
1169 2837 1274 2894 fortuna
1378 2872 1380 2877 ·
1405 2870 1409 2874 *

213 2915 284 2978 liam,
299 2928 379 2970 recte.
762 2926 850 2968 narrat
860 2913 995 2968 Diodorus
1010 2916 1093 2981 XIX,
1108 2917 1158 2980 65,
1172 2928 1198 2969 et
1215 2937 1274 2990 cap.

249 2992 721 3065 7.Hoeccallidocommerta...proereuit.
762 3012 863 3064 70-72,
886 2999 1021 3059 ros-104,
1046 2997 1181 3060 sod-1103
1202 2995 1275 3063 XX,

213 3069 291 3124 Hunc
304 3071 393 3125 locum
411 3073 440 3124 in
458 3072 547 3124 multis
563 3069 722 3124 editionibus
764 3071 949 3141 3-18‚ctcap.
962 3073 1060 3138 ’9-34,
1072 3073 1166 3138 stt-tt,
1179 3075 1274 3145 5472,

212 3149 369 3203 solicitatum
385 3151 422 3204 sic
432 3151 501 3203 bene
521 3150 634 3204 restituit
649 3150 722 3202 Gre-
763 3167 859 3220 7779,
869 3149 968 3220 89·9o,
977 3167 1116 3221 perannos
1125 3149 1159 3203 U.
1167 3152 1198 3204 C.
1209 3152 1274 3220 439,
1340 3177 1345 3185 ·

212 3228 270 3280 vius
283 3247 316 3282 ex
328 3230 425 3286 Juntis,
438 3225 601 3300 Capitolinus
611 3225 640 3278 in
651 3225 721 3280 Gor·
764 3234 832 3294 440,
844 3231 970 3295 444-449.

212 3303 297 3358 dianis
313 3325 371 3380 rap.
389 3327 436 3372 rs,
453 3305 532 3360 tradit
549 3305 626 3378 quale
645 3303 723 3357 fuerit
800 3324 841 3358 ro.
861 3305 964 3356 Secundi
979 3309 1112 3358 cruminis
1126 3305 1208 3356 eadem
1215 3304 1273 3368 sor*

211 3386 288 3437 etiam
310 3385 382 3458 apud
402 3387 546 3450 Romanos,
566 3395 722 3436 senanucon·
763 3393 830 3434 tuna.
843 3382 941 3436 Confer
954 3381 1034 3435 Diod.
1047 3384 1132 3448 XIX,
1149 3383 1274 3436 108·uo.

210 3463 297 3514 tultum
313 3466 419 3516 tacitum.
434 3482 479 3516 sn.
493 3494 527 3503 -
542 3469 588 3514 Per
600 3465 720 3532 iujuriam.
762 3462 841 3512 Anno
851 3460 932 3512 Urbis
943 3461 1002 3522 443.

210 3540 300 3604 Quum
312 3543 445 3595 sociorum
453 3541 619 3595 vexationem
627 3537 721 3592 tudam
797 3535 849 3588 IV.
866 3557 890 3589 ι.
914 3543 990 3605 Quum
1008 3539 1082 3606 igitur
1098 3538 1202 3588 victores
1222 3549 1272 3590 etc.

210 3620 359 3688 permiserit
372 3622 395 3688 ς.
409 3640 423 3672 s
436 3640 442 3671 ι
456 3637 613 3691 quamquam
624 3636 673 3690 per
682 3617 721 3669 in·
762 3615 840 3669 cont.
854 3614 933 3666 Diod.
948 3615 1015 3679 XX,
1028 3616 1109 3676 3·18‚
1120 3617 1151 3665 A.
1165 3615 1199 3666 U.
1211 3621 1271 3678 444.

207 3697 305 3768 jurism
318 3696 455 3750 damnatus
463 3696 516 3750 dici
527 3708 722 3769 potest,quum
762 3723 796 3736 -··
819 3697 913 3765 Neque.
937 3691 1058 3745 Correxit
1083 3692 1203 3746 Graevius
1222 3713 1273 3764 pro

210 3774 345 3829 inauditus
358 3779 465 3844 (caussa
484 3795 540 3829 non
561 3775 683 3846 cognita,
695 3786 721 3826 at
765 3771 841 3844 quod,
863 3783 924 3835 aut,
943 3769 1015 3840 quod
1030 3771 1059 3822 in
1073 3769 1189 3824 editione
1200 3773 1272 3826 Bon-

202 3853 271 3920 ,satis
282 3855 404 3908 omnibus
417 3867 521 3926 aperta,
538 3853 653 3926 indeque
666 3871 721 3905 non
763 3849 880 3921 garsiam
893 3860 950 3912 est,
964 3866 1025 3898 cum.

210 3932 408 4003 cognoscenda)
427 3933 460 3988 sit
474 3932 618 3987 damnatus.
639 3933 721 3985 cete·
798 3949 823 3982 s.
846 3926 965 3979 Audacia.
990 3927 1044 3977 Aut
1066 3925 1156 3997 potius
1173 3927 1275 3999 insigni

209 4026 270 4062 rum
281 4014 404 4062 sententie
416 4011 530 4064 munditer
542 4023 603 4064 sunt
612 4012 668 4082 ipss
678 4011 722 4062 illa
762 4004 901 4076 prudentis
914 4002 1086 4075 imperatoris.
1099 4006 1165 4056 Nam
1177 4005 1273 4059 eodem

210 4087 286 4141 tacito
299 4091 422 4160 sutfragia
436 4093 459 4158 ς,
472 4093 497 4144 6,
762 4083 839 4153 plane
846 4081 926 4134 modo
933 4094 992 4134 ante
1000 4081 1071 4135 bunc
1076 4083 1187 4136 Pericles
1195 4087 1274 4154 Spar·

245 4167 270 4219 8.
285 4167 399 4222 Moumdr'
406 4167 520 4248 δεῖᾶρα
527 4168 607 4224 variis
612 4168 721 4254 prnliis,
762 4173 836 4215 tanos
850 4180 883 4215 ex
896 4161 982 4215 Attica
996 4160 1119 4216 recedere
1132 4175 1271 4236 coegerat,
1287 4253 1290 4257 .
