2967 4684
246 382 320 483 276
675 378 888 452 IUSTINI

205 539 234 579 n
246 506 435 579 invenisse.
451 504 593 595 Quibus
605 503 753 592 auditis,
769 508 913 590 Battus,
925 502 1076 599 virgime
1096 498 1249 571 nomine
1266 522 1312 571 ex

245 615 430 711 responsis
449 614 590 711 agnito,
607 612 736 685 urbem
755 616 923 709 Cyrenen
943 609 1119 683 condidit.

220 761 234 799 ι
294 730 388 797 VIII.
403 724 516 821 Igitur
532 724 745 796 Ptolemaeus
763 721 873 817 hujus
891 720 993 793 urbis
1010 734 1136 792 auctus
1152 717 1311 808 viribus,

219 834 381 909 2bellum
403 835 441 905 in
463 832 658 904 adventum
677 832 855 903 Perdiccae
874 830 1032 931 parabat.
1048 829 1117 903 Sed
1132 829 1309 902 Perdicca

245 945 326 1044 plus
352 943 477 1016 odium
504 944 737 1039 arrogantiae,
759 964 867 1039 quam
892 942 986 1013 vires
1012 939 1173 1012 hostium
1198 965 1309 1019 noce·

244 1054 356 1126 bant:
372 1077 482 1153 quam
495 1056 593 1125 exosi
608 1053 715 1123 etiam
731 1053 818 1125 socii
833 1050 879 1123 ad
892 1053 1123 1150 Antipatrum
1136 1053 1308 1151 gregatim

217 1162 511 1263 oprolugiebant.
529 1162 789 1263 Neoptolemus
811 1186 960 1260 quoque
980 1163 1020 1232 in
1046 1161 1215 1233 auxilium
1237 1166 1309 1233 Eu·

243 1276 344 1345 meni
364 1273 531 1362 relictus,
549 1299 628 1345 non
650 1272 769 1346 solum
792 1270 1038 1369 transfugere,
1053 1296 1179 1343 verum
1200 1276 1310 1345 etiam

217 1383 399 1483 tprodere
421 1386 578 1481 partium
599 1384 798 1454 exercitum
810 1381 938 1483 =voluit.
956 1384 1074 1473 Quam
1095 1407 1173 1454 rem
1192 1408 1309 1480 quum

243 1496 487 1593 praesensisset
498 1498 695 1581 Eumenes,
707 1517 790 1564 cum
805 1492 991 1589 proditore
1009 1493 1204 1565 decernere
1221 1518 1309 1591 prae-

217 1604 292 1676 slio
306 1628 452 1677 necesse
463 1602 601 1674 habuit.
610 1605 734 1675 Victus
747 1602 1008 1701 Neoptolemus
1020 1600 1066 1673 ad
1077 1604 1308 1701 Antipatrum

242 1728 280 1784 et
297 1711 590 1812 Polyperchonte
605 1712 782 1810 profugit,
795 1711 926 1808 hisque
944 1712 1152 1811 persuadet,
1164 1727 1206 1783 ut
1223 1736 1309 1785 con·

241 1825 391 1895 sinuatis
407 1822 678 1910 mansionibus,
694 1822 779 1893 laeto
797 1847 841 1892 ex
858 1822 1008 1892 victoria
1026 1837 1064 1893 et
1080 1846 1208 1893 securo
1225 1820 1309 1920 fuga

215 1934 396 2005 oEumeni
418 1934 684 2031 superveniant.
705 1931 774 2003 Sed
794 1956 851 2006 res
871 1936 1071 2003 Eumenem
1096 1958 1173 2003 non
1194 1932 1308 2020 latuit.

242 2046 369 2141 Itaque
391 2043 528 2115 insidiae
550 2046 589 2114 in
612 2042 841 2115 insidiatores
856 2066 967 2112 versae
982 2070 990 2111 ε
1007 2058 1044 2113 et
1061 2044 1125 2139 qui
1142 2068 1308 2116 securum

242 2153 473 2251 adgressuros
492 2180 530 2227 se
547 2153 745 2253 putabant,
763 2152 898 2221 securis
915 2152 953 2220 in
973 2153 1120 2239 itinere,
1138 2168 1175 2224 et
1191 2156 1308 2252 pervi-

217 2264 327 2363 7gilio
343 2270 462 2336 noetis
479 2263 632 2360 fatigatis
651 2285 845 2333 occursum
865 2272 929 2331 est.
943 2265 988 2331 In
1008 2286 1052 2333 eo
1067 2262 1189 2360 praelio
1203 2264 1308 2361 Poly·

245 2375 411 2474 perchon
421 2373 609 2447 occiditur.
620 2370 881 2471 Neoptolemus
890 2395 1038 2468 quoque
1051 2396 1135 2442 cum
1146 2378 1307 2446 Eumene

245 2479 1308 2583 congressus,diu,mutuisvulneribusacceptis,colluctatus

217 2610 317 2683 sest3
333 2596 372 2665 in
389 2618 529 2667 summa
544 2597 678 2682 victus,
694 2590 889 2665 occumbit.
901 2593 1024 2662 Victor
1038 2592 1146 2687 igitur
1162 2590 1305 2669 duobus

245 2772 278 2807 ex
295 2754 433 2808 Aristotele
451 2754 539 2807 refert.
553 2752 628 2806 Adde
645 2754 756 2807 Pausan.
799 2768 877 2821 supra
907 2768 965 2822 cap.
996 2752 1028 2812 6,
1044 2750 1084 2803 15.
1100 2750 1229 2803 -A.U.
1245 2751 1305 2815 432.

244 2832 288 2897 X,
304 2850 348 2902 ιγ,
364 2834 396 2897 33
410 2833 477 2885 Ptin.
492 2834 568 2897 XIV,
584 2838 615 2896 43
631 2834 757 2885 Nostrum
833 2830 859 2881 ὅ.
873 2827 1046 2880 umoaous.
1060 2826 1123 2881 Sive
1137 2828 1306 2883 habitationi·

243 2908 315 2963 inira
330 2908 473 2975 xum,
488 2929 557 2963 1.-
571 2910 667 2961 Sideris.
680 2911 756 2975 Sirii,
796 2906 846 2957 bus
871 2904 906 2958 ad
930 2924 995 2978 ques
1018 2906 1131 2959 viatores
1156 2908 1307 2961 interventu

245 2988 322 3057 cujus
339 2995 413 3038 ortus
431 2989 531 3050 invenit,
545 2984 572 3037 id
586 2999 641 3052 est,
655 2988 756 3058 primus
795 2982 879 3035 hostis
905 3003 933 3036 ae
956 2984 1096 3056 recipiunt.
1121 2984 1239 3053 auspic
1262 2990 1307 3044 rie

246 3063 403 3118 observarit.
797 3059 941 3129 idonaespa‘ae
958 3064 1074 3135 appellnt
1094 3062 1259 3117 Herodianus
1278 3064 1307 3118 in

284 3158 324 3195 ιι.
343 3143 449 3212 Virginis
461 3142 584 3192 marine...
597 3145 689 3210 agnito.
704 3144 755 3195 Fa·
795 3137 849 3191 fine
861 3138 922 3190 libri
933 3140 971 3193 11.
986 3160 1031 3193 an.

245 3220 294 3281 ber
313 3218 383 3273 delet
401 3236 493 3273 vocem
510 3221 606 3288 agnito,
620 3220 756 3273 inlocum
830 3218 856 3268 6.
879 3222 1002 3271 saeuis...
1022 3238 1144 3270 occursum
1166 3232 1209 3272 est.
1230 3221 1309 3292 legit

247 3299 379 3371 explicans
399 3317 405 3351 :
425 3297 514 3349 Battus
533 3314 565 3349 ex
584 3300 683 3351 oraculi
702 3318 756 3353 rea·
796 3292 1055 3359 ribemontem,
1069 3300 1187 3347 etaiam
1196 3300 1307 3367 ἀμφὶ·

246 3378 337 3449 pontis
346 3374 465 3431 condidit
475 3376 567 3427 urbem
576 3376 711 3448 Cyrenen,
722 3397 756 3432 ex
794 3372 855 3440 8530
866 3376 943 3424 Μὰ
948 3373 1063 3443 samis
1073 3392 1194 3425 occuram
1205 3386 1248 3427 est.
1261 3374 1307 3427 Et·

246 3454 358 3527 uirginis
367 3454 482 3507 nomine.
494 3453 628 3526 Adprobat
639 3456 756 3510 Schelle·
795 3451 867 3502 enlm
879 3449 946 3522 quid
962 3452 1013 3503 tile
1028 3451 1095 3503 nuo
1106 3450 1232 3504 orationis
1242 3470 1305 3525 poe·

245 3550 301 3587 rus.
316 3552 361 3587 ru.
796 3530 871 3580 tulat.
885 3546 930 3580 ro.

247 3643 252 3655 .
280 3612 391 3665 vtum.
402 3610 488 3663 odium
495 3612 756 3681 armganrioe.0dium
831 3624 856 3675 7.
872 3604 1002 3657 Occiditur.
1019 3606 1103 3659 Falso.
1120 3606 1306 3681 Polyperchon

245 3690 394 3760 arrogantia
407 3700 583 3752 contractum,
596 3690 695 3761 quippe
708 3690 755 3762 qui
795 3684 867 3737 euim
885 3684 913 3735 in
931 3681 1169 3737 Macedonianum
1186 3686 1238 3736 hoc
1254 3687 1304 3749 432

245 3780 377 3819 summum
391 3767 530 3838 imperinm
543 3767 753 3821 solussibiarro-
793 3762 825 3813 ΙΙ)
849 3762 987 3833 Antipatro
1013 3762 1119 3815 relictus
1142 3764 1305 3817 Tbessaliam

245 3855 327 3914 garet.
345 3842 408 3898 vid.
428 3858 483 3897 not.
502 3843 535 3896 ad
553 3862 609 3913 cap.
627 3848 657 3908 6,
675 3846 700 3899 8.
717 3876 752 3887 -
792 3840 1205 3911 recipitoceuprtamabAEtolis‚
1216 3842 1306 3913 qui,a

246 3922 464 3990 GngarbnAEaAer
471 3922 570 3975 mavult
577 3926 682 3975 ceream
691 3924 752 3977 0011,
794 3916 917 3971 Perdicca
925 3919 1044 3984 excitati,
1055 3920 1117 3973 illuc
1127 3920 1306 3974 incursionem

244 3998 302 4064 XI,
316 4003 348 4060 6,
366 4007 410 4063 14,
423 4012 449 4052 et
464 4002 557 4065 XXII,
569 4004 600 4065 8,
617 4000 641 4053 3.
794 3994 926 4061 seruant,
947 3994 1027 4048 Diod.
1050 3996 1170 4063 XVIII,
1193 4000 1235 4053 38.
1257 4000 1305 4053 Ille

280 4071 304 4123 3.
317 4070 482 4140 Neoptolemus
492 4084 542 4122 etc.
554 4070 631 4123 Cons.
645 4070 752 4125 Cornell
793 4092 863 4127 anno
876 4074 984 4127 demum
999 4076 1049 4140 436
1060 4096 1076 4129 a
1087 4077 1234 4131 Cmandro
1246 4080 1306 4150 pul·
1315 4070 1329 4086 ’

244 4144 352 4215 xvm,
367 4152 401 4213 43
415 4145 494 4199 Diod.
507 4148 615 4214 XVIII,
627 4166 674 4221 ²93
689 4151 752 4206 coll.
792 4170 836 4208 sus
853 4150 901 4209 eit
917 4182 952 4195 -
969 4154 1101 4209 cambo.
1121 4156 1200 4217 Cous.
1222 4158 1304 4213 Com.
