<?xml version="1.0" encoding="UTF-8"?>
<!DOCTYPE html PUBLIC "-//W3C//DTD XHTML 1.0 Transitional//EN"
    "http://www.w3.org/TR/xhtml1/DTD/xhtml1-transitional.dtd">
<html xmlns="http://www.w3.org/1999/xhtml" xml:lang="en" lang="en">
 <head>
  <title>
</title>
<meta http-equiv="Content-Type" content="text/html;charset=utf-8" />
  <meta name='ocr-system' content='tesseract 3.04.00' />
  <meta name='ocr-capabilities' content='ocr_page ocr_carea ocr_par ocr_line ocrx_word'/>
</head>
<body>
  <div class='ocr_page' id='page_1' title='image "./justinihistoria00lemagoog_0220.png"; bbox 0 0 2967 4684; ppageno 0'>
   <div class='ocr_carea' id='block_1_1' title="bbox 392 328 1257 409">
    <p class='ocr_par' dir='ltr' id='par_1_1' title="bbox 392 328 1257 409">
     <span class='ocr_line' id='line_1_1' title="bbox 392 328 1257 409; baseline 0.009 -8"><span class='ocrx_word' id='word_1_1' title='bbox 392 328 776 401; x_wconf 84' lang='lat' dir='ltr'><strong>HISTORIARUM</strong></span> <span class='ocrx_word' id='word_1_2' title='bbox 799 328 959 402; x_wconf 86' lang='lat' dir='ltr'><strong>LIBER</strong></span> <span class='ocrx_word' id='word_1_3' title='bbox 981 332 1067 405; x_wconf 83' lang='lat' dir='ltr'>vll.</span> <span class='ocrx_word' id='word_1_4' title='bbox 1190 335 1257 409; x_wconf 74' lang='lat'>185</span> 
     </span>
    </p>
   </div>
   <div class='ocr_carea' id='block_1_2' title="bbox 195 451 1371 2322">
    <p class='ocr_par' dir='ltr' id='par_1_2' title="bbox 195 451 1371 2322">
     <span class='ocr_line' id='line_1_2' title="bbox 196 451 1256 557; baseline 0.006 -34"><span class='ocrx_word' id='word_1_5' title='bbox 196 452 360 541; x_wconf 87' lang='lat' dir='ltr'>illustris,</span> <span class='ocrx_word' id='word_1_6' title='bbox 380 466 416 523; x_wconf 90' lang='lat' dir='ltr'>et</span> <span class='ocrx_word' id='word_1_7' title='bbox 437 451 563 522; x_wconf 90' lang='lat' dir='ltr'>mortis</span> <span class='ocrx_word' id='word_1_8' title='bbox 584 464 785 549; x_wconf 89' lang='lat' dir='ltr'>postrema,</span> <span class='ocrx_word' id='word_1_9' title='bbox 802 451 914 524; x_wconf 88' lang='lat' dir='ltr'>veluti</span> <span class='ocrx_word' id='word_1_10' title='bbox 933 478 978 525; x_wconf 84' lang='lat' dir='ltr'>ex</span> <span class='ocrx_word' id='word_1_11' title='bbox 997 454 1144 529; x_wconf 86' lang='lat' dir='ltr'>oraculo</span> <span class='ocrx_word' id='word_1_12' title='bbox 1166 483 1256 557; x_wconf 84' lang='lat' dir='ltr'>prae·</span> 
     </span>
     <span class='ocr_line' id='line_1_3' title="bbox 196 560 1284 663; baseline 0.004 -28"><span class='ocrx_word' id='word_1_13' title='bbox 196 578 319 663; x_wconf 89' lang='lat' dir='ltr'>cepta,</span> <span class='ocrx_word' id='word_1_14' title='bbox 342 561 588 635; x_wconf 81' lang='lat' dir='ltr'>memorabilia</span> <span class='ocrx_word' id='word_1_15' title='bbox 612 560 738 633; x_wconf 85' lang='lat' dir='ltr'>fuere:</span> <span class='ocrx_word' id='word_1_16' title='bbox 760 564 937 661; x_wconf 89' lang='lat' dir='ltr'>siquidem</span> <span class='ocrx_word' id='word_1_17' title='bbox 960 592 1072 641; x_wconf 84' lang='lat' dir='ltr'>senex</span> <span class='ocrx_word' id='word_1_18' title='bbox 1096 572 1284 644; x_wconf 62' lang='lat' dir='ltr'>moriens,</span> 
     </span>
     <span class='ocr_line' id='line_1_4' title="bbox 197 671 1255 773; baseline 0.009 -29"><span class='ocrx_word' id='word_1_19' title='bbox 197 679 320 771; x_wconf 80' lang='lat' dir='ltr'>Argaeo</span> <span class='ocrx_word' id='word_1_20' title='bbox 341 671 418 744; x_wconf 88' lang='lat' dir='ltr'>filio</span> <span class='ocrx_word' id='word_1_21' title='bbox 441 674 655 745; x_wconf 87' lang='lat' dir='ltr'>monstravit</span> <span class='ocrx_word' id='word_1_22' title='bbox 671 672 810 764; x_wconf 88' lang='lat' dir='ltr'>locum,</span> <span class='ocrx_word' id='word_1_23' title='bbox 830 702 903 773; x_wconf 91' lang='lat' dir='ltr'>quo</span> <span class='ocrx_word' id='word_1_24' title='bbox 921 679 1031 751; x_wconf 90' lang='lat' dir='ltr'>condi</span> <span class='ocrx_word' id='word_1_25' title='bbox 1047 681 1172 770; x_wconf 90' lang='lat' dir='ltr'>vellet;</span> <span class='ocrx_word' id='word_1_26' title='bbox 1187 681 1255 753; x_wconf 95' lang='lat' dir='ltr'>ibi·</span> 
     </span>
     <span class='ocr_line' id='line_1_5' title="bbox 197 784 1256 889; baseline 0.008 -33"><span class='ocrx_word' id='word_1_27' title='bbox 197 810 267 881; x_wconf 91' lang='lat' dir='ltr'>que</span> <span class='ocrx_word' id='word_1_28' title='bbox 287 810 365 857; x_wconf 90' lang='lat' dir='ltr'>non</span> <span class='ocrx_word' id='word_1_29' title='bbox 383 809 446 856; x_wconf 85' lang='lat' dir='ltr'>sua</span> <span class='ocrx_word' id='word_1_30' title='bbox 461 799 621 869; x_wconf 84' lang='lat' dir='ltr'>tantum,</span> <span class='ocrx_word' id='word_1_31' title='bbox 634 784 697 857; x_wconf 91' lang='lat' dir='ltr'>sed</span> <span class='ocrx_word' id='word_1_32' title='bbox 712 800 748 855; x_wconf 92' lang='lat' dir='ltr'>et</span> <span class='ocrx_word' id='word_1_33' title='bbox 761 787 1035 862; x_wconf 86' lang='lat' dir='ltr'><strong>succedentium</strong></span> <span class='ocrx_word' id='word_1_34' title='bbox 1048 790 1118 863; x_wconf 85' lang='lat' dir='ltr'>sibi</span> <span class='ocrx_word' id='word_1_35' title='bbox 1129 818 1256 889; x_wconf 85' lang='lat' dir='ltr'>regum</span> 
     </span>
     <span class='ocr_line' id='line_1_6' title="bbox 197 894 1371 1002; baseline 0.012 -38"><span class='ocrx_word' id='word_1_36' title='bbox 197 920 276 965; x_wconf 88' lang='lat' dir='ltr'>ossa</span> <span class='ocrx_word' id='word_1_37' title='bbox 288 896 379 993; x_wconf 91' lang='lat' dir='ltr'>poni</span> <span class='ocrx_word' id='word_1_38' title='bbox 394 895 517 991; x_wconf 88' lang='lat' dir='ltr'>jussit;</span> <span class='ocrx_word' id='word_1_39' title='bbox 530 894 719 993; x_wconf 86' lang='lat' dir='ltr'>praelatus,</span> <span class='ocrx_word' id='word_1_40' title='bbox 733 897 883 994; x_wconf 75' lang='lat' dir='ltr'>«quoad</span> <span class='ocrx_word' id='word_1_41' title='bbox 899 898 950 970; x_wconf 93' lang='lat' dir='ltr'>ibi</span> <span class='ocrx_word' id='word_1_42' title='bbox 966 901 1121 973; x_wconf 76' lang='lat' dir='ltr'>conditae</span> <span class='ocrx_word' id='word_1_43' title='bbox 1138 920 1285 1002; x_wconf 81' lang='lat' dir='ltr'>poste-3</span> <span class='ocrx_word' id='word_1_44' title='bbox 1369 894 1371 898; x_wconf 35' lang='lat'>¹</span> 
     </span>
     <span class='ocr_line' id='line_1_7' title="bbox 196 1003 1297 1103; baseline 0.014 -27"><span class='ocrx_word' id='word_1_45' title='bbox 196 1030 319 1076; x_wconf 88' lang='lat' dir='ltr'>rorum</span> <span class='ocrx_word' id='word_1_46' title='bbox 329 1006 490 1101; x_wconf 74' lang='lat' dir='ltr'>reliquiae</span> <span class='ocrx_word' id='word_1_47' title='bbox 499 1004 800 1103; x_wconf 82' lang='lat' dir='ltr'>forent,regnum</span> <span class='ocrx_word' id='word_1_48' title='bbox 809 1010 849 1078; x_wconf 89' lang='lat' dir='ltr'>in</span> <span class='ocrx_word' id='word_1_49' title='bbox 861 1003 993 1081; x_wconf 80' lang='lat' dir='ltr'>familia</span> <span class='ocrx_word' id='word_1_50' title='bbox 1001 1037 1256 1085; x_wconf 76' lang='lat' dir='ltr'>mansurumzr</span> <span class='ocrx_word' id='word_1_51' title='bbox 1294 1087 1297 1091; x_wconf 84' lang='lat'><em>.</em></span> 
     </span>
     <span class='ocr_line' id='line_1_8' title="bbox 198 1114 1287 1213; baseline 0.009 -26"><span class='ocrx_word' id='word_1_52' title='bbox 198 1116 425 1213; x_wconf 87' lang='lat' dir='ltr'>creduntque</span> <span class='ocrx_word' id='word_1_53' title='bbox 434 1115 502 1189; x_wconf 93' lang='lat' dir='ltr'>hac</span> <span class='ocrx_word' id='word_1_54' title='bbox 515 1114 771 1213; x_wconf 81' lang='lat' dir='ltr'>superstitione</span> <span class='ocrx_word' id='word_1_55' title='bbox 782 1121 995 1191; x_wconf 81' lang='lat' dir='ltr'>exstinctam</span> <span class='ocrx_word' id='word_1_56' title='bbox 1004 1124 1044 1192; x_wconf 88' lang='lat' dir='ltr'>in</span> <span class='ocrx_word' id='word_1_57' title='bbox 1053 1122 1257 1197; x_wconf 85' lang='lat' dir='ltr'>Alexandro</span> <span class='ocrx_word' id='word_1_58' title='bbox 1271 1152 1287 1209; x_wconf 70' lang='lat' dir='ltr'>t</span> 
     </span>
     <span class='ocr_line' id='line_1_9' title="bbox 197 1226 1286 1331; baseline 0.012 -34"><span class='ocrx_word' id='word_1_59' title='bbox 197 1230 367 1325; x_wconf 82' lang='lat' dir='ltr'>stirpem,</span> <span class='ocrx_word' id='word_1_60' title='bbox 393 1228 456 1325; x_wconf 93' lang='lat' dir='ltr'>qui</span> <span class='ocrx_word' id='word_1_61' title='bbox 486 1227 607 1309; x_wconf 87' lang='lat' dir='ltr'>locum</span> <span class='ocrx_word' id='word_1_62' title='bbox 639 1226 833 1323; x_wconf 81' lang='lat' dir='ltr'>sepulturae</span> <span class='ocrx_word' id='word_1_63' title='bbox 861 1233 1063 1302; x_wconf 88' lang='lat' dir='ltr'>mutaverit.</span> <span class='ocrx_word' id='word_1_64' title='bbox 1092 1239 1286 1331; x_wconf 84' lang='lat' dir='ltr'>Argaeus,5</span> 
     </span>
     <span class='ocr_line' id='line_1_10' title="bbox 196 1336 1259 1435; baseline 0.011 -28"><span class='ocrx_word' id='word_1_65' title='bbox 196 1336 380 1408; x_wconf 90' lang='lat' dir='ltr'>moderate</span> <span class='ocrx_word' id='word_1_66' title='bbox 409 1351 445 1407; x_wconf 91' lang='lat' dir='ltr'>et</span> <span class='ocrx_word' id='word_1_67' title='bbox 477 1362 561 1408; x_wconf 94' lang='lat' dir='ltr'>cum</span> <span class='ocrx_word' id='word_1_68' title='bbox 592 1360 715 1407; x_wconf 89' lang='lat' dir='ltr'>amore</span> <span class='ocrx_word' id='word_1_69' title='bbox 744 1337 975 1435; x_wconf 89' lang='lat' dir='ltr'>popularium</span> <span class='ocrx_word' id='word_1_70' title='bbox 1007 1340 1259 1420; x_wconf 84' lang='lat' dir='ltr'>administrato</span> 
     </span>
     <span class='ocr_line' id='line_1_11' title="bbox 195 1444 1259 1555; baseline 0.009 -38"><span class='ocrx_word' id='word_1_71' title='bbox 195 1471 330 1543; x_wconf 82' lang='lat' dir='ltr'>regno,</span> <span class='ocrx_word' id='word_1_72' title='bbox 353 1470 598 1518; x_wconf 85' lang='lat' dir='ltr'>successorem</span> <span class='ocrx_word' id='word_1_73' title='bbox 623 1444 737 1517; x_wconf 87' lang='lat' dir='ltr'>filium</span> <span class='ocrx_word' id='word_1_74' title='bbox 763 1446 970 1546; x_wconf 89' lang='lat' dir='ltr'>Philippum</span> <span class='ocrx_word' id='word_1_75' title='bbox 995 1451 1170 1551; x_wconf 88' lang='lat' dir='ltr'>reliquit:</span> <span class='ocrx_word' id='word_1_76' title='bbox 1196 1460 1259 1555; x_wconf 92' lang='lat' dir='ltr'>qui</span> 
     </span>
     <span class='ocr_line' id='line_1_12' title="bbox 197 1559 1259 1659; baseline 0.009 -32"><span class='ocrx_word' id='word_1_77' title='bbox 197 1559 387 1629; x_wconf 86' lang='lat' dir='ltr'>immatura</span> <span class='ocrx_word' id='word_1_78' title='bbox 408 1572 525 1628; x_wconf 89' lang='lat' dir='ltr'>morte</span> <span class='ocrx_word' id='word_1_79' title='bbox 549 1572 694 1655; x_wconf 85' lang='lat' dir='ltr'>raptus,</span> <span class='ocrx_word' id='word_1_80' title='bbox 721 1562 894 1655; x_wconf 84' lang='lat' dir='ltr'>AEropum</span> <span class='ocrx_word' id='word_1_81' title='bbox 921 1561 1111 1659; x_wconf 81' lang='lat' dir='ltr'>parvulum</span> <span class='ocrx_word' id='word_1_82' title='bbox 1134 1564 1259 1637; x_wconf 88' lang='lat' dir='ltr'>admo-</span> 
     </span>
     <span class='ocr_line' id='line_1_13' title="bbox 198 1667 1289 1750; baseline 0.008 -9"><span class='ocrx_word' id='word_1_83' title='bbox 198 1670 283 1742; x_wconf 90' lang='lat' dir='ltr'>dum</span> <span class='ocrx_word' id='word_1_84' title='bbox 315 1670 470 1741; x_wconf 90' lang='lat' dir='ltr'>institnit</span> <span class='ocrx_word' id='word_1_85' title='bbox 498 1667 679 1741; x_wconf 85' lang='lat' dir='ltr'>heredem.</span> <span class='ocrx_word' id='word_1_86' title='bbox 712 1668 781 1740; x_wconf 88' lang='lat' dir='ltr'>Sed</span> <span class='ocrx_word' id='word_1_87' title='bbox 815 1670 1079 1745; x_wconf 83' lang='lat' dir='ltr'>Macedonibus</span> <span class='ocrx_word' id='word_1_88' title='bbox 1110 1675 1289 1750; x_wconf 77' lang='lat' dir='ltr'>adsiduas</span> 
     </span>
     <span class='ocr_line' id='line_1_14' title="bbox 197 1778 1260 1882; baseline 0.008 -31"><span class='ocrx_word' id='word_1_89' title='bbox 197 1782 392 1853; x_wconf 83' lang='lat' dir='ltr'>certamina</span> <span class='ocrx_word' id='word_1_90' title='bbox 414 1805 497 1851; x_wconf 86' lang='lat' dir='ltr'>eum</span> <span class='ocrx_word' id='word_1_91' title='bbox 518 1778 718 1850; x_wconf 86' lang='lat' dir='ltr'>Thracibus</span> <span class='ocrx_word' id='word_1_92' title='bbox 738 1794 776 1849; x_wconf 89' lang='lat' dir='ltr'>et</span> <span class='ocrx_word' id='word_1_93' title='bbox 797 1778 926 1877; x_wconf 88' lang='lat' dir='ltr'>Illyriis</span> <span class='ocrx_word' id='word_1_94' title='bbox 948 1780 1050 1854; x_wconf 83' lang='lat' dir='ltr'>fuere</span> <span class='ocrx_word' id='word_1_95' title='bbox 1070 1812 1079 1854; x_wconf 75' lang='grc' dir='ltr'><strong><em>ε</em></strong></span> <span class='ocrx_word' id='word_1_96' title='bbox 1103 1811 1260 1882; x_wconf 86' lang='lat' dir='ltr'>quorum</span> 
     </span>
     <span class='ocr_line' id='line_1_15' title="bbox 197 1890 1261 1995; baseline 0.009 -32"><span class='ocrx_word' id='word_1_97' title='bbox 197 1894 322 1980; x_wconf 89' lang='lat' dir='ltr'>armis,</span> <span class='ocrx_word' id='word_1_98' title='bbox 346 1891 457 1967; x_wconf 86' lang='lat' dir='ltr'>veluti</span> <span class='ocrx_word' id='word_1_99' title='bbox 483 1890 697 1989; x_wconf 89' lang='lat' dir='ltr'>quotidiano</span> <span class='ocrx_word' id='word_1_100' title='bbox 726 1894 919 1982; x_wconf 86' lang='lat' dir='ltr'>exercitio,</span> <span class='ocrx_word' id='word_1_101' title='bbox 943 1894 1123 1984; x_wconf 90' lang='lat' dir='ltr'>indurati,</span> <span class='ocrx_word' id='word_1_102' title='bbox 1148 1898 1261 1995; x_wconf 82' lang='lat' dir='ltr'>gloria</span> 
     </span>
     <span class='ocr_line' id='line_1_16' title="bbox 196 2000 1288 2101; baseline 0.003 -26"><span class='ocrx_word' id='word_1_103' title='bbox 196 2002 331 2075; x_wconf 86' lang='lat' dir='ltr'>belhcae</span> <span class='ocrx_word' id='word_1_104' title='bbox 348 2001 463 2075; x_wconf 88' lang='lat' dir='ltr'>laudis</span> <span class='ocrx_word' id='word_1_105' title='bbox 479 2000 654 2073; x_wconf 87' lang='lat' dir='ltr'>finitimos</span> <span class='ocrx_word' id='word_1_106' title='bbox 672 2000 866 2073; x_wconf 85' lang='lat' dir='ltr'>terrebant.</span> <span class='ocrx_word' id='word_1_107' title='bbox 882 2004 997 2100; x_wconf 85' lang='lat' dir='ltr'>Igitur</span> <span class='ocrx_word' id='word_1_108' title='bbox 1012 2004 1123 2101; x_wconf 87' lang='lat' dir='ltr'>Illyrii</span> <span class='ocrx_word' id='word_1_109' title='bbox 1139 2005 1288 2091; x_wconf 76' lang='lat' dir='ltr'>mian-7</span> 
     </span>
     <span class='ocr_line' id='line_1_17' title="bbox 196 2112 1260 2212; baseline 0.003 -28"><span class='ocrx_word' id='word_1_110' title='bbox 196 2118 281 2185; x_wconf 86' lang='lat' dir='ltr'>tiam</span> <span class='ocrx_word' id='word_1_111' title='bbox 309 2116 401 2211; x_wconf 83' lang='lat' dir='ltr'>regis</span> <span class='ocrx_word' id='word_1_112' title='bbox 431 2112 559 2212; x_wconf 92' lang='lat' dir='ltr'>pupilli</span> <span class='ocrx_word' id='word_1_113' title='bbox 587 2127 888 2198; x_wconf 86' lang='lat' dir='ltr'>contemnentes,</span> <span class='ocrx_word' id='word_1_114' title='bbox 912 2112 1010 2185; x_wconf 92' lang='lat' dir='ltr'>bello</span> <span class='ocrx_word' id='word_1_115' title='bbox 1039 2114 1260 2202; x_wconf 83' lang='lat' dir='ltr'>Macedonas</span> 
     </span>
     <span class='ocr_line' id='line_1_18' title="bbox 197 2222 1289 2322; baseline 0.005 -27"><span class='ocrx_word' id='word_1_116' title='bbox 197 2225 486 2322; x_wconf 86' lang='lat' dir='ltr'>adgrediuntur:</span> <span class='ocrx_word' id='word_1_117' title='bbox 510 2224 573 2321; x_wconf 90' lang='lat' dir='ltr'>qui</span> <span class='ocrx_word' id='word_1_118' title='bbox 597 2222 721 2321; x_wconf 74' lang='lat' dir='ltr'>praelio</span> <span class='ocrx_word' id='word_1_119' title='bbox 749 2222 862 2320; x_wconf 90' lang='lat' dir='ltr'>pulsi,</span> <span class='ocrx_word' id='word_1_120' title='bbox 886 2249 968 2321; x_wconf 81' lang='lat' dir='ltr'>rege</span> <span class='ocrx_word' id='word_1_121' title='bbox 995 2250 1062 2295; x_wconf 87' lang='lat' dir='ltr'>suo</span> <span class='ocrx_word' id='word_1_122' title='bbox 1086 2227 1126 2295; x_wconf 91' lang='lat' dir='ltr'>in</span> <span class='ocrx_word' id='word_1_123' title='bbox 1156 2229 1289 2301; x_wconf 81' lang='lat' dir='ltr'>cunise</span> 
     </span>
    </p>
   </div>
   <div class='ocr_carea' id='block_1_3' title="bbox 197 2334 1260 2435">
    <p class='ocr_par' dir='ltr' id='par_1_3' title="bbox 197 2334 1260 2435">
     <span class='ocr_line' id='line_1_19' title="bbox 197 2334 1260 2435; baseline 0.001 -28"><span class='ocrx_word' id='word_1_124' title='bbox 197 2334 359 2435; x_wconf 87' lang='lat' dir='ltr'>prolato,</span> <span class='ocrx_word' id='word_1_125' title='bbox 376 2349 411 2405; x_wconf 92' lang='lat' dir='ltr'>et</span> <span class='ocrx_word' id='word_1_126' title='bbox 428 2360 525 2433; x_wconf 92' lang='lat' dir='ltr'>pone</span> <span class='ocrx_word' id='word_1_127' title='bbox 542 2334 655 2405; x_wconf 89' lang='lat' dir='ltr'>aciem</span> <span class='ocrx_word' id='word_1_128' title='bbox 673 2336 811 2433; x_wconf 81' lang='lat' dir='ltr'>positu,</span> <span class='ocrx_word' id='word_1_129' title='bbox 825 2336 944 2405; x_wconf 88' lang='lat' dir='ltr'>acrius</span> <span class='ocrx_word' id='word_1_130' title='bbox 960 2352 1142 2407; x_wconf 92' lang='lat' dir='ltr'>certamen</span> <span class='ocrx_word' id='word_1_131' title='bbox 1157 2361 1260 2435; x_wconf 88' lang='lat' dir='ltr'>repe·</span> 
     </span>
    </p>
   </div>
   <div class='ocr_carea' id='block_1_4' title="bbox 137 2554 1262 4205">
    <p class='ocr_par' dir='ltr' id='par_1_4' title="bbox 198 2554 1260 2711">
     <span class='ocr_line' id='line_1_20' title="bbox 200 2554 1260 2631; baseline -0.004 -18"><span class='ocrx_word' id='word_1_132' title='bbox 200 2561 250 2631; x_wconf 79' lang='lat'>137</span> <span class='ocrx_word' id='word_1_133' title='bbox 262 2576 269 2613; x_wconf 90' lang='lat'>:</span> <span class='ocrx_word' id='word_1_134' title='bbox 283 2559 355 2631; x_wconf 73' lang='lat' dir='ltr'>Argo</span> <span class='ocrx_word' id='word_1_135' title='bbox 368 2559 475 2631; x_wconf 79' lang='lat' dir='ltr'>profugi</span> <span class='ocrx_word' id='word_1_136' title='bbox 492 2557 657 2611; x_wconf 80' lang='lat' dir='ltr'>devenerunt</span> <span class='ocrx_word' id='word_1_137' title='bbox 674 2556 708 2609; x_wconf 87' lang='lat' dir='ltr'>ad</span> <span class='ocrx_word' id='word_1_138' title='bbox 748 2554 836 2608; x_wconf 76' lang='lat' dir='ltr'>hande</span> <span class='ocrx_word' id='word_1_139' title='bbox 850 2569 978 2609; x_wconf 81' lang='lat' dir='ltr'>acturum.</span> <span class='ocrx_word' id='word_1_140' title='bbox 990 2557 1101 2629; x_wconf 76' lang='lat' dir='ltr'>Respice</span> <span class='ocrx_word' id='word_1_141' title='bbox 1109 2570 1164 2611; x_wconf 85' lang='lat' dir='ltr'>not.</span> <span class='ocrx_word' id='word_1_142' title='bbox 1176 2557 1210 2611; x_wconf 80' lang='lat' dir='ltr'>ad</span> <span class='ocrx_word' id='word_1_143' title='bbox 1220 2558 1260 2625; x_wconf 89' lang='lat'>11,</span> 
     </span>
     <span class='ocr_line' id='line_1_21' title="bbox 198 2635 1126 2711; baseline -0.002 -22"><span class='ocrx_word' id='word_1_144' title='bbox 198 2638 302 2711; x_wconf 83' lang='lat' dir='ltr'>Illyrios</span> <span class='ocrx_word' id='word_1_145' title='bbox 313 2658 346 2692; x_wconf 91' lang='lat' dir='ltr'>ex</span> <span class='ocrx_word' id='word_1_146' title='bbox 359 2640 469 2692; x_wconf 88' lang='lat' dir='ltr'>Temeni</span> <span class='ocrx_word' id='word_1_147' title='bbox 480 2636 546 2707; x_wconf 82' lang='lat' dir='ltr'>(vid.</span> <span class='ocrx_word' id='word_1_148' title='bbox 558 2636 592 2691; x_wconf 83' lang='lat' dir='ltr'>ad</span> <span class='ocrx_word' id='word_1_149' title='bbox 603 2655 659 2708; x_wconf 80' lang='lat' dir='ltr'>cap.</span> <span class='ocrx_word' id='word_1_150' title='bbox 676 2656 707 2701; x_wconf 88' lang='lat' dir='ltr'>r,</span> <span class='ocrx_word' id='word_1_151' title='bbox 750 2642 799 2701; x_wconf 68' lang='lat'>¹4,</span> <span class='ocrx_word' id='word_1_152' title='bbox 814 2655 837 2688; x_wconf 80' lang='lat' dir='ltr'>a.</span> <span class='ocrx_word' id='word_1_153' title='bbox 852 2666 887 2673; x_wconf 92' lang='lat'><em>-</em></span> <span class='ocrx_word' id='word_1_154' title='bbox 899 2637 977 2687; x_wconf 80' lang='lat' dir='ltr'>Anno</span> <span class='ocrx_word' id='word_1_155' title='bbox 990 2635 1070 2689; x_wconf 81' lang='lat' dir='ltr'>Urbis</span> <span class='ocrx_word' id='word_1_156' title='bbox 1084 2636 1126 2689; x_wconf 84' lang='grc' dir='ltr'>3ο.</span> 
     </span>
    </p>

    <p class='ocr_par' dir='ltr' id='par_1_5' title="bbox 197 2713 1260 3027">
     <span class='ocr_line' id='line_1_22' title="bbox 198 2713 1259 2790; baseline -0.003 -19"><span class='ocrx_word' id='word_1_157' title='bbox 198 2736 214 2789; x_wconf 84' lang='lat'>7</span> <span class='ocrx_word' id='word_1_158' title='bbox 227 2731 299 2783; x_wconf 75' lang='lat' dir='ltr'>not,</span> <span class='ocrx_word' id='word_1_159' title='bbox 311 2737 351 2770; x_wconf 92' lang='lat' dir='ltr'>nr.</span> <span class='ocrx_word' id='word_1_160' title='bbox 370 2718 401 2785; x_wconf 82' lang='lat'>5)</span> <span class='ocrx_word' id='word_1_161' title='bbox 412 2718 524 2790; x_wconf 83' lang='lat' dir='ltr'>posteris</span> <span class='ocrx_word' id='word_1_162' title='bbox 536 2717 629 2769; x_wconf 76' lang='lat' dir='ltr'>fratres</span> <span class='ocrx_word' id='word_1_163' title='bbox 641 2728 707 2781; x_wconf 84' lang='lat' dir='ltr'>tres,</span> <span class='ocrx_word' id='word_1_164' title='bbox 786 2734 812 2767; x_wconf 82' lang='lat' dir='ltr'>a.</span> <span class='ocrx_word' id='word_1_165' title='bbox 824 2719 923 2784; x_wconf 71' lang='lat' dir='ltr'>Argao.</span> <span class='ocrx_word' id='word_1_166' title='bbox 938 2714 1030 2767; x_wconf 81' lang='lat' dir='ltr'>Plures</span> <span class='ocrx_word' id='word_1_167' title='bbox 1039 2713 1102 2768; x_wconf 87' lang='lat' dir='ltr'>edd.</span> <span class='ocrx_word' id='word_1_168' title='bbox 1112 2721 1203 2787; x_wconf 69' lang='lat' dir='ltr'>Argeo.</span> <span class='ocrx_word' id='word_1_169' title='bbox 1213 2735 1259 2769; x_wconf 78' lang='lat' dir='ltr'>nn.</span> 
     </span>
     <span class='ocr_line' id='line_1_23' title="bbox 197 2792 1260 2868; baseline -0.002 -17"><span class='ocrx_word' id='word_1_170' title='bbox 197 2798 337 2863; x_wconf 77' lang='lat' dir='ltr'>Garanes,</span> <span class='ocrx_word' id='word_1_171' title='bbox 363 2798 478 2868; x_wconf 84' lang='lat' dir='ltr'>AEropus</span> <span class='ocrx_word' id='word_1_172' title='bbox 500 2808 527 2848; x_wconf 89' lang='lat' dir='ltr'>et</span> <span class='ocrx_word' id='word_1_173' title='bbox 549 2794 706 2859; x_wconf 79' lang='lat' dir='ltr'>Perdiccas:</span> <span class='ocrx_word' id='word_1_174' title='bbox 785 2793 810 2845; x_wconf 78' lang='lat'>3.</span> <span class='ocrx_word' id='word_1_175' title='bbox 832 2798 939 2861; x_wconf 68' lang='lat' dir='ltr'>Regnum</span> <span class='ocrx_word' id='word_1_176' title='bbox 960 2792 1096 2857; x_wconf 70' lang='lat' dir='ltr'>insensilia</span> <span class='ocrx_word' id='word_1_177' title='bbox 1115 2814 1260 2864; x_wconf 65' lang='lat' dir='ltr'>mamutius.</span> 
     </span>
     <span class='ocr_line' id='line_1_24' title="bbox 199 2871 1260 2947; baseline 0 -20"><span class='ocrx_word' id='word_1_178' title='bbox 199 2876 261 2929; x_wconf 91' lang='lat' dir='ltr'>inde</span> <span class='ocrx_word' id='word_1_179' title='bbox 286 2878 315 2929; x_wconf 89' lang='lat' dir='ltr'>in</span> <span class='ocrx_word' id='word_1_180' title='bbox 339 2874 521 2928; x_wconf 85' lang='lat' dir='ltr'>Macedoniam</span> <span class='ocrx_word' id='word_1_181' title='bbox 546 2875 708 2947; x_wconf 86' lang='lat' dir='ltr'>superiorem</span> <span class='ocrx_word' id='word_1_182' title='bbox 749 2871 841 2923; x_wconf 86' lang='lat' dir='ltr'>Plures</span> <span class='ocrx_word' id='word_1_183' title='bbox 859 2872 937 2926; x_wconf 84' lang='lat' dir='ltr'>MSS.</span> <span class='ocrx_word' id='word_1_184' title='bbox 957 2871 1056 2926; x_wconf 87' lang='lat' dir='ltr'>habent</span> <span class='ocrx_word' id='word_1_185' title='bbox 1073 2893 1171 2945; x_wconf 72' lang='lat' dir='ltr'>regnum</span> <span class='ocrx_word' id='word_1_186' title='bbox 1182 2877 1260 2940; x_wconf 81' lang='lat' dir='ltr'>sami·</span> 
     </span>
     <span class='ocr_line' id='line_1_25' title="bbox 198 2950 855 3027; baseline -0.006 -22"><span class='ocrx_word' id='word_1_187' title='bbox 198 2954 287 3020; x_wconf 85' lang='lat' dir='ltr'>delati,</span> <span class='ocrx_word' id='word_1_188' title='bbox 293 2955 493 3027; x_wconf 80' lang='lat' dir='ltr'>juxtaLeboeam</span> <span class='ocrx_word' id='word_1_189' title='bbox 501 2953 592 3005; x_wconf 86' lang='lat' dir='ltr'>urbem</span> <span class='ocrx_word' id='word_1_190' title='bbox 600 2972 708 3025; x_wconf 79' lang='lat' dir='ltr'>operam</span> <span class='ocrx_word' id='word_1_191' title='bbox 749 2950 796 3001; x_wconf 82' lang='lat' dir='ltr'>lioe.</span> <span class='ocrx_word' id='word_1_192' title='bbox 810 2968 855 3002; x_wconf 84' lang='lat' dir='ltr'>no.</span> 
     </span>
    </p>

    <p class='ocr_par' dir='ltr' id='par_1_6' title="bbox 197 3028 1262 3651">
     <span class='ocr_line' id='line_1_26' title="bbox 198 3028 1262 3104; baseline -0.004 -17"><span class='ocrx_word' id='word_1_193' title='bbox 198 3034 383 3087; x_wconf 82' lang='lat' dir='ltr'>mercenariam</span> <span class='ocrx_word' id='word_1_194' title='bbox 397 3032 453 3102; x_wconf 74' lang='lat' dir='ltr'>regi</span> <span class='ocrx_word' id='word_1_195' title='bbox 469 3032 596 3095; x_wconf 78' lang='lat' dir='ltr'>locantes,</span> <span class='ocrx_word' id='word_1_196' title='bbox 612 3050 707 3104; x_wconf 77' lang='lat' dir='ltr'>equos,</span> <span class='ocrx_word' id='word_1_197' title='bbox 785 3035 809 3093; x_wconf 72' lang='lat'>4.</span> <span class='ocrx_word' id='word_1_198' title='bbox 820 3035 850 3079; x_wconf 81' lang='lat' dir='ltr'>ln</span> <span class='ocrx_word' id='word_1_199' title='bbox 856 3028 997 3080; x_wconf 69' lang='lat' dir='ltr'>Alexandro</span> <span class='ocrx_word' id='word_1_200' title='bbox 1004 3032 1107 3102; x_wconf 80' lang='lat' dir='ltr'>stirpem.</span> <span class='ocrx_word' id='word_1_201' title='bbox 1116 3030 1262 3087; x_wconf 75' lang='lat' dir='ltr'>Alexander</span> 
     </span>
     <span class='ocr_line' id='line_1_27' title="bbox 197 3105 1262 3182; baseline -0.002 -17"><span class='ocrx_word' id='word_1_202' title='bbox 197 3112 279 3165; x_wconf 84' lang='lat' dir='ltr'>boves</span> <span class='ocrx_word' id='word_1_203' title='bbox 291 3125 317 3165; x_wconf 90' lang='lat' dir='ltr'>et</span> <span class='ocrx_word' id='word_1_204' title='bbox 328 3110 550 3182; x_wconf 79' lang='lat' dir='ltr'>crespuscebant.</span> <span class='ocrx_word' id='word_1_205' title='bbox 561 3108 707 3180; x_wconf 88' lang='lat' dir='ltr'>Indepulsi</span> <span class='ocrx_word' id='word_1_206' title='bbox 749 3105 858 3178; x_wconf 75' lang='lat' dir='ltr'>quidem</span> <span class='ocrx_word' id='word_1_207' title='bbox 877 3108 962 3159; x_wconf 83' lang='lat' dir='ltr'>filium</span> <span class='ocrx_word' id='word_1_208' title='bbox 980 3108 1073 3161; x_wconf 86' lang='lat' dir='ltr'>habuit</span> <span class='ocrx_word' id='word_1_209' title='bbox 1088 3130 1096 3160; x_wconf 72' lang='grc' dir='ltr'><strong><em>ε</em></strong></span> <span class='ocrx_word' id='word_1_210' title='bbox 1110 3110 1156 3179; x_wconf 88' lang='lat' dir='ltr'>qui</span> <span class='ocrx_word' id='word_1_211' title='bbox 1174 3123 1262 3165; x_wconf 86' lang='lat' dir='ltr'>autem</span> 
     </span>
     <span class='ocr_line' id='line_1_28' title="bbox 199 3185 1261 3263; baseline -0.001 -21"><span class='ocrx_word' id='word_1_212' title='bbox 199 3209 213 3242; x_wconf 87' lang='lat' dir='ltr'>a</span> <span class='ocrx_word' id='word_1_213' title='bbox 226 3210 303 3263; x_wconf 78' lang='lat' dir='ltr'>rege,</span> <span class='ocrx_word' id='word_1_214' title='bbox 322 3186 500 3261; x_wconf 54' lang='lat' dir='ltr'>confierent</span> <span class='ocrx_word' id='word_1_215' title='bbox 509 3190 584 3259; x_wconf 83' lang='lat' dir='ltr'>juxta</span> <span class='ocrx_word' id='word_1_216' title='bbox 597 3187 703 3253; x_wconf 86' lang='lat' dir='ltr'>hortos,</span> <span class='ocrx_word' id='word_1_217' title='bbox 748 3204 805 3237; x_wconf 89' lang='lat' dir='ltr'>non</span> <span class='ocrx_word' id='word_1_218' title='bbox 817 3204 864 3237; x_wconf 91' lang='lat' dir='ltr'>rex</span> <span class='ocrx_word' id='word_1_219' title='bbox 874 3185 924 3237; x_wconf 81' lang='lat' dir='ltr'>fuit</span> <span class='ocrx_word' id='word_1_220' title='bbox 936 3185 1108 3238; x_wconf 75' lang='lat' dir='ltr'>Macedoniae.</span> <span class='ocrx_word' id='word_1_221' title='bbox 1119 3188 1204 3259; x_wconf 77' lang='lat' dir='ltr'>stirps</span> <span class='ocrx_word' id='word_1_222' title='bbox 1213 3190 1261 3241; x_wconf 83' lang='lat' dir='ltr'>ite·</span> 
     </span>
     <span class='ocr_line' id='line_1_29' title="bbox 199 3264 1262 3339; baseline -0.003 -17"><span class='ocrx_word' id='word_1_223' title='bbox 199 3270 244 3339; x_wconf 90' lang='lat' dir='ltr'>qui</span> <span class='ocrx_word' id='word_1_224' title='bbox 256 3268 412 3339; x_wconf 78' lang='lat' dir='ltr'>dicebantur</span> <span class='ocrx_word' id='word_1_225' title='bbox 424 3264 505 3319; x_wconf 74' lang='lat' dir='ltr'>Midae</span> <span class='ocrx_word' id='word_1_226' title='bbox 521 3266 594 3336; x_wconf 81' lang='lat' dir='ltr'>(cap.</span> <span class='ocrx_word' id='word_1_227' title='bbox 613 3284 642 3329; x_wconf 89' lang='lat' dir='ltr'>r,</span> <span class='ocrx_word' id='word_1_228' title='bbox 658 3269 707 3333; x_wconf 87' lang='grc' dir='ltr'>ιι)</span> <span class='ocrx_word' id='word_1_229' title='bbox 749 3281 801 3335; x_wconf 86' lang='lat' dir='ltr'>que</span> <span class='ocrx_word' id='word_1_230' title='bbox 818 3264 897 3336; x_wconf 75' lang='lat' dir='ltr'>regiae</span> <span class='ocrx_word' id='word_1_231' title='bbox 917 3264 1094 3317; x_wconf 82' lang='lat' dir='ltr'>Macedonum</span> <span class='ocrx_word' id='word_1_232' title='bbox 1112 3264 1216 3318; x_wconf 71' lang='lat' dir='ltr'>familie</span> <span class='ocrx_word' id='word_1_233' title='bbox 1233 3266 1262 3319; x_wconf 90' lang='lat' dir='ltr'>in</span> 
     </span>
     <span class='ocr_line' id='line_1_30' title="bbox 198 3341 1260 3417; baseline -0.005 -17"><span class='ocrx_word' id='word_1_234' title='bbox 198 3345 302 3400; x_wconf 84' lang='lat' dir='ltr'>Gordiu</span> <span class='ocrx_word' id='word_1_235' title='bbox 322 3346 417 3417; x_wconf 78' lang='lat' dir='ltr'>geniti,</span> <span class='ocrx_word' id='word_1_236' title='bbox 434 3342 467 3396; x_wconf 86' lang='lat' dir='ltr'>ad</span> <span class='ocrx_word' id='word_1_237' title='bbox 480 3343 613 3395; x_wconf 87' lang='lat' dir='ltr'>Bermium</span> <span class='ocrx_word' id='word_1_238' title='bbox 631 3360 708 3395; x_wconf 87' lang='lat' dir='ltr'>mon·</span> <span class='ocrx_word' id='word_1_239' title='bbox 749 3341 899 3395; x_wconf 76' lang='lat' dir='ltr'>Alexandro</span> <span class='ocrx_word' id='word_1_240' title='bbox 912 3342 963 3395; x_wconf 80' lang='lat' dir='ltr'>tuit</span> <span class='ocrx_word' id='word_1_241' title='bbox 970 3342 1065 3397; x_wconf 86' lang='lat' dir='ltr'>deleta.</span> <span class='ocrx_word' id='word_1_242' title='bbox 1076 3361 1121 3395; x_wconf 83' lang='lat' dir='ltr'>eu.</span> <span class='ocrx_word' id='word_1_243' title='bbox 1132 3373 1166 3385; x_wconf 84' lang='lat'>·—</span> <span class='ocrx_word' id='word_1_244' title='bbox 1178 3350 1260 3395; x_wconf 74' lang='lat' dir='ltr'>Muta·</span> 
     </span>
     <span class='ocr_line' id='line_1_31' title="bbox 199 3420 1262 3493; baseline -0.002 -16"><span class='ocrx_word' id='word_1_245' title='bbox 199 3436 268 3490; x_wconf 85' lang='lat' dir='ltr'>tem,</span> <span class='ocrx_word' id='word_1_246' title='bbox 286 3423 359 3477; x_wconf 84' lang='lat' dir='ltr'>nude</span> <span class='ocrx_word' id='word_1_247' title='bbox 372 3421 552 3477; x_wconf 83' lang='lat' dir='ltr'>excursionem</span> <span class='ocrx_word' id='word_1_248' title='bbox 570 3420 708 3487; x_wconf 78' lang='lat' dir='ltr'>facientes,</span> <span class='ocrx_word' id='word_1_249' title='bbox 749 3425 813 3473; x_wconf 77' lang='lat' dir='ltr'>verit.</span> <span class='ocrx_word' id='word_1_250' title='bbox 824 3420 1024 3493; x_wconf 83' lang='lat' dir='ltr'>Corpusquead</span> <span class='ocrx_word' id='word_1_251' title='bbox 1032 3422 1206 3474; x_wconf 84' lang='lat' dir='ltr'>Hammonem</span> <span class='ocrx_word' id='word_1_252' title='bbox 1216 3420 1262 3475; x_wconf 88' lang='lat' dir='ltr'>de-</span> 
     </span>
     <span class='ocr_line' id='line_1_32' title="bbox 198 3498 1260 3572; baseline -0.005 -17"><span class='ocrx_word' id='word_1_253' title='bbox 198 3516 316 3555; x_wconf 79' lang='lat' dir='ltr'>caeteram</span> <span class='ocrx_word' id='word_1_254' title='bbox 335 3500 517 3555; x_wconf 86' lang='lat' dir='ltr'>Macedoniam</span> <span class='ocrx_word' id='word_1_255' title='bbox 529 3500 577 3553; x_wconf 89' lang='lat' dir='ltr'>sibi</span> <span class='ocrx_word' id='word_1_256' title='bbox 591 3500 707 3572; x_wconf 80' lang='lat' dir='ltr'>subjece·</span> <span class='ocrx_word' id='word_1_257' title='bbox 750 3498 813 3551; x_wconf 77' lang='lat' dir='ltr'>ferri</span> <span class='ocrx_word' id='word_1_258' title='bbox 825 3500 956 3564; x_wconf 76' lang='lat' dir='ltr'>voluerit,</span> <span class='ocrx_word' id='word_1_259' title='bbox 978 3500 1049 3565; x_wconf 84' lang='grc' dir='ltr'>ΧΠ,</span> <span class='ocrx_word' id='word_1_260' title='bbox 1067 3500 1112 3563; x_wconf 83' lang='lat'>15,</span> <span class='ocrx_word' id='word_1_261' title='bbox 1126 3516 1157 3568; x_wconf 73' lang='lat'>73</span> <span class='ocrx_word' id='word_1_262' title='bbox 1171 3498 1260 3567; x_wconf 83' lang='lat' dir='ltr'>xm,</span> 
     </span>
     <span class='ocr_line' id='line_1_33' title="bbox 198 3575 819 3651; baseline -0.002 -18"><span class='ocrx_word' id='word_1_263' title='bbox 198 3594 270 3633; x_wconf 85' lang='lat' dir='ltr'>runt.</span> <span class='ocrx_word' id='word_1_264' title='bbox 284 3579 359 3632; x_wconf 79' lang='lat' dir='ltr'>Idem</span> <span class='ocrx_word' id='word_1_265' title='bbox 373 3598 430 3651; x_wconf 84' lang='lat' dir='ltr'>cap.</span> <span class='ocrx_word' id='word_1_266' title='bbox 450 3578 511 3647; x_wconf 79' lang='grc'>139,</span> <span class='ocrx_word' id='word_1_267' title='bbox 523 3575 653 3631; x_wconf 84' lang='lat' dir='ltr'>Perdiccae</span> <span class='ocrx_word' id='word_1_268' title='bbox 665 3596 708 3649; x_wconf 72' lang='lat' dir='ltr'>ge·</span> <span class='ocrx_word' id='word_1_269' title='bbox 750 3585 780 3643; x_wconf 68' lang='lat'>4,</span> <span class='ocrx_word' id='word_1_270' title='bbox 793 3582 819 3632; x_wconf 83' lang='lat'>6.</span> 
     </span>
    </p>

    <p class='ocr_par' dir='ltr' id='par_1_7' title="bbox 137 3652 1261 3967">
     <span class='ocr_line' id='line_1_34' title="bbox 199 3652 1260 3730; baseline -0.002 -18"><span class='ocrx_word' id='word_1_271' title='bbox 199 3677 249 3712; x_wconf 88' lang='lat' dir='ltr'>nus</span> <span class='ocrx_word' id='word_1_272' title='bbox 264 3658 299 3711; x_wconf 85' lang='lat' dir='ltr'>ita</span> <span class='ocrx_word' id='word_1_273' title='bbox 314 3657 456 3730; x_wconf 87' lang='lat' dir='ltr'>producit:</span> <span class='ocrx_word' id='word_1_274' title='bbox 472 3675 502 3722; x_wconf 89' lang='lat'>1,</span> <span class='ocrx_word' id='word_1_275' title='bbox 515 3654 659 3709; x_wconf 89' lang='lat' dir='ltr'>Perdiccas.</span> <span class='ocrx_word' id='word_1_276' title='bbox 673 3686 708 3697; x_wconf 84' lang='lat'>-</span> <span class='ocrx_word' id='word_1_277' title='bbox 785 3658 812 3709; x_wconf 81' lang='lat'>5.</span> <span class='ocrx_word' id='word_1_278' title='bbox 823 3662 962 3707; x_wconf 70' lang='lat' dir='ltr'>leuraam.</span> <span class='ocrx_word' id='word_1_279' title='bbox 978 3656 1040 3721; x_wconf 88' lang='lat' dir='ltr'>Quo</span> <span class='ocrx_word' id='word_1_280' title='bbox 1053 3652 1161 3707; x_wconf 79' lang='lat' dir='ltr'>tandein</span> <span class='ocrx_word' id='word_1_281' title='bbox 1178 3654 1260 3710; x_wconf 83' lang='lat' dir='ltr'>modo</span> 
     </span>
     <span class='ocr_line' id='line_1_35' title="bbox 137 3732 1261 3809; baseline -0.001 -19"><span class='ocrx_word' id='word_1_282' title='bbox 137 3746 139 3749; x_wconf 83' lang='lat'>&#39;</span> <span class='ocrx_word' id='word_1_283' title='bbox 200 3757 231 3799; x_wconf 68' lang='grc' dir='ltr'>ι,</span> <span class='ocrx_word' id='word_1_284' title='bbox 246 3740 364 3809; x_wconf 77' lang='lat' dir='ltr'>Argaeus.</span> <span class='ocrx_word' id='word_1_285' title='bbox 375 3768 409 3777; x_wconf 89' lang='lat'>-</span> <span class='ocrx_word' id='word_1_286' title='bbox 420 3738 453 3799; x_wconf 82' lang='lat'>3,</span> <span class='ocrx_word' id='word_1_287' title='bbox 465 3735 613 3807; x_wconf 84' lang='lat' dir='ltr'>Philippus.</span> <span class='ocrx_word' id='word_1_288' title='bbox 627 3764 662 3775; x_wconf 90' lang='lat'><em>-</em></span> <span class='ocrx_word' id='word_1_289' title='bbox 675 3743 708 3801; x_wconf 70' lang='grc'>4,</span> <span class='ocrx_word' id='word_1_290' title='bbox 749 3736 989 3807; x_wconf 58' lang='lat' dir='ltr'>hemerammum</span> <span class='ocrx_word' id='word_1_291' title='bbox 997 3732 1261 3804; x_wconf 68' lang='lat' dir='ltr'>regnaritannosdii&#39;</span> 
     </span>
     <span class='ocr_line' id='line_1_36' title="bbox 199 3813 1260 3887; baseline 0.001 -20"><span class='ocrx_word' id='word_1_292' title='bbox 199 3815 597 3887; x_wconf 78' lang='lat' dir='ltr'>AEropus.-5,Alcetas.-—6,</span> <span class='ocrx_word' id='word_1_293' title='bbox 610 3815 708 3887; x_wconf 81' lang='lat' dir='ltr'>Amyn·</span> <span class='ocrx_word' id='word_1_294' title='bbox 749 3844 783 3854; x_wconf 86' lang='lat'>—-</span> <span class='ocrx_word' id='word_1_295' title='bbox 796 3818 919 3883; x_wconf 80' lang='lat' dir='ltr'>AEmprnx.</span> <span class='ocrx_word' id='word_1_296' title='bbox 939 3814 985 3866; x_wconf 89' lang='lat' dir='ltr'>Sic</span> <span class='ocrx_word' id='word_1_297' title='bbox 1005 3813 1079 3865; x_wconf 73' lang='lat' dir='ltr'>June</span> <span class='ocrx_word' id='word_1_298' title='bbox 1101 3830 1163 3865; x_wconf 88' lang='lat' dir='ltr'>cum</span> <span class='ocrx_word' id='word_1_299' title='bbox 1182 3813 1260 3882; x_wconf 76' lang='lat' dir='ltr'>Ald.;</span> 
     </span>
     <span class='ocr_line' id='line_1_37' title="bbox 198 3891 1162 3967; baseline -0.004 -20"><span class='ocrx_word' id='word_1_300' title='bbox 198 3906 245 3947; x_wconf 80' lang='lat' dir='ltr'>tes.</span> <span class='ocrx_word' id='word_1_301' title='bbox 257 3925 289 3935; x_wconf 90' lang='lat'><em>-</em></span> <span class='ocrx_word' id='word_1_302' title='bbox 302 3915 327 3967; x_wconf 92' lang='lat'>7,</span> <span class='ocrx_word' id='word_1_303' title='bbox 340 3893 502 3959; x_wconf 81' lang='lat' dir='ltr'>Alexander,</span> <span class='ocrx_word' id='word_1_304' title='bbox 513 3905 592 3965; x_wconf 85' lang='lat' dir='ltr'>quem</span> <span class='ocrx_word' id='word_1_305' title='bbox 603 3894 709 3947; x_wconf 85' lang='lat' dir='ltr'>Mardo-</span> <span class='ocrx_word' id='word_1_306' title='bbox 749 3904 848 3946; x_wconf 78' lang='lat' dir='ltr'>cetere</span> <span class='ocrx_word' id='word_1_307' title='bbox 857 3891 919 3945; x_wconf 85' lang='lat' dir='ltr'>edd.</span> <span class='ocrx_word' id='word_1_308' title='bbox 929 3891 1023 3945; x_wconf 82' lang='lat' dir='ltr'>vitiose</span> <span class='ocrx_word' id='word_1_309' title='bbox 1033 3896 1162 3962; x_wconf 70' lang='lat' dir='ltr'>lampeon.</span> 
     </span>
    </p>

    <p class='ocr_par' dir='ltr' id='par_1_8' title="bbox 191 3970 1261 4205">
     <span class='ocr_line' id='line_1_38' title="bbox 191 3970 1259 4044; baseline -0.002 -19"><span class='ocrx_word' id='word_1_310' title='bbox 191 3973 272 4038; x_wconf 77' lang='lat' dir='ltr'>nius,</span> <span class='ocrx_word' id='word_1_311' title='bbox 291 3992 306 4025; x_wconf 80' lang='lat' dir='ltr'>a</span> <span class='ocrx_word' id='word_1_312' title='bbox 328 3975 416 4027; x_wconf 83' lang='lat' dir='ltr'>Xerxe</span> <span class='ocrx_word' id='word_1_313' title='bbox 434 3974 462 4025; x_wconf 89' lang='lat' dir='ltr'>in</span> <span class='ocrx_word' id='word_1_314' title='bbox 486 3972 586 4026; x_wconf 82' lang='lat' dir='ltr'>Graecia</span> <span class='ocrx_word' id='word_1_315' title='bbox 603 3973 709 4027; x_wconf 82' lang='lat' dir='ltr'>relictus</span> <span class='ocrx_word' id='word_1_316' title='bbox 751 4029 754 4035; x_wconf 69' lang='grc'>,</span> <span class='ocrx_word' id='word_1_317' title='bbox 786 3992 812 4044; x_wconf 88' lang='lat'>7.</span> <span class='ocrx_word' id='word_1_318' title='bbox 823 3976 910 4043; x_wconf 74' lang='lat' dir='ltr'>Igitur.</span> <span class='ocrx_word' id='word_1_319' title='bbox 924 3972 978 4023; x_wconf 81' lang='lat' dir='ltr'>Ant</span> <span class='ocrx_word' id='word_1_320' title='bbox 989 3970 1078 4042; x_wconf 81' lang='lat' dir='ltr'>potius</span> <span class='ocrx_word' id='word_1_321' title='bbox 1092 3982 1171 4023; x_wconf 76' lang='lat' dir='ltr'>eutem</span> <span class='ocrx_word' id='word_1_322' title='bbox 1185 3974 1259 4044; x_wconf 80' lang='lat' dir='ltr'>:jam</span> 
     </span>
     <span class='ocr_line' id='line_1_39' title="bbox 198 4047 1261 4123; baseline 0 -20"><span class='ocrx_word' id='word_1_323' title='bbox 198 4052 262 4118; x_wconf 91' lang='lat' dir='ltr'>(ll,</span> <span class='ocrx_word' id='word_1_324' title='bbox 280 4053 325 4119; x_wconf 82' lang='lat'>13,</span> <span class='ocrx_word' id='word_1_325' title='bbox 348 4056 469 4123; x_wconf 84' lang='lat' dir='ltr'>1),cum</span> <span class='ocrx_word' id='word_1_326' title='bbox 483 4050 611 4105; x_wconf 77' lang='lat' dir='ltr'>nundatis</span> <span class='ocrx_word' id='word_1_327' title='bbox 632 4051 712 4106; x_wconf 87' lang='lat' dir='ltr'>mittit</span> <span class='ocrx_word' id='word_1_328' title='bbox 751 4063 839 4104; x_wconf 85' lang='lat' dir='ltr'>eutem</span> <span class='ocrx_word' id='word_1_329' title='bbox 852 4048 937 4123; x_wconf 78' lang='lat' dir='ltr'>illyrii</span> <span class='ocrx_word' id='word_1_330' title='bbox 949 4047 1125 4101; x_wconf 83' lang='lat' dir='ltr'>Macedonum</span> <span class='ocrx_word' id='word_1_331' title='bbox 1134 4050 1261 4103; x_wconf 74' lang='lat' dir='ltr'>virtutem</span> 
     </span>
     <span class='ocr_line' id='line_1_40' title="bbox 200 4126 1150 4205; baseline -0.001 -24"><span class='ocrx_word' id='word_1_332' title='bbox 200 4131 316 4185; x_wconf 76' lang='lat' dir='ltr'>Athenas</span> <span class='ocrx_word' id='word_1_333' title='bbox 328 4133 361 4188; x_wconf 83' lang='grc' dir='ltr'>Α.</span> <span class='ocrx_word' id='word_1_334' title='bbox 376 4131 411 4184; x_wconf 89' lang='lat' dir='ltr'>U.</span> <span class='ocrx_word' id='word_1_335' title='bbox 426 4136 475 4201; x_wconf 72' lang='lat'>²74</span> <span class='ocrx_word' id='word_1_336' title='bbox 483 4167 492 4196; x_wconf 94' lang='lat'>,</span> <span class='ocrx_word' id='word_1_337' title='bbox 500 4129 536 4184; x_wconf 87' lang='lat' dir='ltr'>de</span> <span class='ocrx_word' id='word_1_338' title='bbox 547 4148 610 4205; x_wconf 83' lang='lat' dir='ltr'>paee</span> <span class='ocrx_word' id='word_1_339' title='bbox 624 4131 711 4185; x_wconf 87' lang='lat' dir='ltr'>conci·</span> <span class='ocrx_word' id='word_1_340' title='bbox 751 4128 818 4183; x_wconf 76' lang='lat' dir='ltr'>adeo</span> <span class='ocrx_word' id='word_1_341' title='bbox 828 4148 884 4182; x_wconf 87' lang='lat' dir='ltr'>non</span> <span class='ocrx_word' id='word_1_342' title='bbox 893 4126 1033 4193; x_wconf 83' lang='lat' dir='ltr'>timebant,</span> <span class='ocrx_word' id='word_1_343' title='bbox 1044 4139 1089 4193; x_wconf 87' lang='lat' dir='ltr'>nt,</span> <span class='ocrx_word' id='word_1_344' title='bbox 1100 4139 1150 4181; x_wconf 88' lang='lat' dir='ltr'>etc.</span> 
     </span>
    </p>
   </div>
   <div class='ocr_carea' id='block_1_5' title="bbox 0 0 1491 4684">
    <p class='ocr_par' dir='ltr' id='par_1_9' title="bbox 0 0 1491 4684">
     <span class='ocr_line' id='line_1_41' title="bbox 0 0 1491 4684; baseline 0 0"><span class='ocrx_word' id='word_1_345' title='bbox 0 0 1491 4684; x_wconf 95' lang='lat' dir='ltr'> </span> 
     </span>
    </p>
   </div>
  </div>
 </body>
</html>
