2967 4684
450 787 685 888 LIBER
726 785 1083 890 XXXVIII.

208 1231 262 1300 11.
281 1199 566 1316 Mirnmnarrs,
586 1225 778 1326 parricidia
794 1253 815 1298 a
831 1250 922 1297 nece
936 1228 1058 1298 uxoris
1076 1229 1301 1326 auspicatus,

235 1339 369 1410 sororis
391 1338 537 1410 alterius
563 1337 736 1410 Laodices
758 1329 872 1425 filios,
893 1341 996 1435 cujus
1017 1338 1137 1410 virum
1154 1341 1298 1411 Ariara-

234 1447 355 1540 them,
367 1472 487 1546 regem
503 1448 759 1546 Cappadociae,
775 1469 840 1546 per
854 1449 1036 1520 Gordium
1050 1449 1189 1522 insidiis
1204 1453 1300 1522 occi·

235 1560 355 1650 derat,
385 1557 566 1631 tollendos
597 1562 739 1648 statuit,
768 1559 860 1631 nihil
889 1577 1010 1633 actum
1041 1577 1159 1634 morte
1189 1563 1301 1661 patris

236 1672 462 1754 existimans,
481 1671 510 1740 si
529 1668 776 1742 adolescentes
798 1686 992 1768 paternum
1008 1697 1180 1770 regnum,
1198 1675 1304 1770 cujus·

208 1779 295 1850 aitte
317 1777 512 1877 cupiditate
535 1775 724 1876 flagrabat,
748 1796 997 1880 occupassent.
1020 1787 1134 1881 Igitur
1151 1785 1239 1856 dum
1261 1786 1300 1854 in

236 1885 294 1960 his
316 1887 596 1986 cogitationibus
616 1905 797 1979 versatur,
815 1893 961 1963 interim
981 1894 1216 1983 Nicomedes,
1237 1920 1302 1966 rex

236 1999 433 2097 Bithynia,
449 1987 600 2072 vacuam
620 2017 738 2074 morte
756 2005 850 2100 regis
867 2004 1133 2103 Cappadociam
1152 2005 1302 2077 invadit.

208 2111 346 2202 3Quod
366 2136 480 2210 quum
501 2114 710 2184 nuntiatum
731 2113 933 2188 Mithridati
952 2111 1096 2204 suisset,
1111 2140 1178 2214 per
1193 2117 1303 2187 simu·

237 2224 412 2296 lationem
430 2225 572 2322 pietatis
588 2225 718 2298 auxilia
735 2226 853 2298 sorori
871 2225 917 2298 ad
934 2225 1188 2325 expellendum
1206 2232 1303 2325 Cap-

153 2336 166 2354 “
209 2331 390 2434 tpadocia
403 2335 640 2406 Nicomedem
654 2337 775 2407 mittit.
790 2335 860 2408 Sed
871 2338 945 2434 jam
962 2336 1119 2409 Laodice
1136 2361 1202 2436 per
1220 2361 1304 2436 pac·

210 2449 226 2506 ⁵
239 2447 377 2518 tionem
390 2469 427 2518 se
438 2447 627 2519 Nicomedi
641 2448 679 2517 in
692 2449 967 2520 matrimonium
978 2447 1183 2520 tradiderat
1195 2446 1304 2538 Quod

238 2581 330 2656 aegre
353 2553 473 2630 ferens
496 2555 745 2644 Mithridates,
761 2547 925 2656 praesidia
942 2557 1149 2629 Nicomedis
1166 2563 1303 2657 Cappa·

239 2665 344 2739 docia
358 2667 523 2766 expellit,
535 2693 765 2766 regnumque
780 2671 915 2740 sororis
930 2666 1007 2740 filio
1022 2670 1178 2741 restituit
1188 2696 1197 2740 ε
1208 2693 1304 2767 egre·

211 2781 338 2876 egium
359 2802 508 2875 prorsus
528 2776 681 2867 lactum,
700 2783 738 2849 ni
757 2779 980 2877 subsequuta
1002 2777 1101 2852 fraus
1123 2796 1239 2853 esset:
1258 2782 1304 2853 si·

240 2887 406 2988 quidem,
426 2890 625 2986 interjectis
642 2889 851 2978 mensibus,
868 2891 1031 2982 simulat,
1052 2917 1090 2964 se
1107 2890 1304 2980 Gordium,

241 3023 316 3098 quo
334 2999 503 3070 ministro
521 3025 607 3072 usus
627 3001 667 3072 in
687 3001 873 3073 Ariarathe
895 3001 1150 3076 interficiendo
1170 3001 1303 3091 fuerat,

239 3109 429 3181 restituere
444 3111 484 3179 in
498 3112 651 3208 patriam
665 3112 777 3202 velle,
789 3137 954 3213 sperans,
967 3116 998 3184 si
1015 3114 1206 3188 obsisteret
1219 3117 1305 3188 ado·

241 3220 399 3310 lescens,
415 3243 556 3293 caussas
573 3221 658 3293 belli
675 3221 815 3296 futuras
827 3253 835 3296 ε
848 3240 925 3316 aut,
939 3226 968 3297 si
986 3229 1228 3323 permitteret,
1240 3249 1305 3324 per

243 3331 401 3404 eundem
430 3329 545 3404 filium
576 3332 655 3405 tolli
686 3360 814 3434 posse,
839 3363 906 3436 per
935 3361 1046 3436 quem
1077 3336 1306 3410 interiecerat

214 3459 391 3544 7patrem.
407 3441 515 3534 Quod
534 3443 599 3516 ubi
617 3447 822 3520 Ariarathes
838 3449 963 3546 junior
978 3448 1098 3520 moliri
1118 3450 1307 3548 cognovit,

277 3607 756 3681 I.r.Panicidio.AtjuruXXXVlI,
796 3610 911 3682 antiquat
931 3609 1030 3662 habent
1051 3607 1203 3680 pellendum
1229 3609 1307 3662 bene.

244 3687 274 3752 3,
284 3689 343 3742 6-8.
350 3718 384 3730 -
392 3688 516 3741 Ladan.
526 3688 612 3753 Quam
622 3680 756 3760 distingne
832 3707 858 3759 7.
870 3689 960 3740 Moliri.
976 3688 1076 3759 Supple
1090 3707 1141 3740 eum
1154 3685 1309 3757 (Mithrida-

243 3766 277 3818 ὼ
286 3767 411 3838 ittaque
422 3785 500 3840 supra
514 3766 593 3839 periit
603 3761 755 3834 XXXVII,
796 3770 875 3837 tem).
893 3767 922 3820 si
939 3767 1011 3820 euim
1023 3783 1085 3820 cum
1102 3766 1241 3820 Gronorio
1258 3785 1308 3821 avo

128 3889 131 3894 .
247 3859 277 3909 ι,
294 3852 326 3909 4,
341 3845 370 3910 ⁵,
387 3865 446 3916 quae
459 3846 546 3899 estin
564 3843 653 3898 indice
670 3846 756 3919 posita
797 3846 907 3917 oon-igis
924 3864 992 3919 quera
1010 3864 1061 3918 pro
1079 3844 1163 3918 quod,
1183 3846 1309 3917 supplen-

245 3933 354 3995 qutrta,
365 3941 447 3993 quum
461 3923 516 3977 hoc
529 3924 562 3976 sit
574 3923 675 3996 quintu
795 3923 861 3978 dnm
874 3936 913 3977 est
927 3925 962 3976 td.
979 3923 1049 3976 ilino
1059 3925 1174 3996 conjecit
1188 3923 1309 3977 Schelle-

280 3997 306 4052 3.
318 4005 366 4050 Per
373 4000 545 4091 simulationem
547 4005 656 4072 pietatis.
667 4001 757 4056 Simu·
796 4021 842 4093 rps
857 4019 944 4076 :quem
956 4002 986 4054 td
994 4001 1043 4054 ubi.
1061 4031 1094 4042 -
1109 4005 1226 4054 Gmor'ter.
1243 3999 1309 4053 Edi·

245 4076 757 4234 mathatiam
796 4079 1214 4233 {tttttit‘tttffl’
1236 4076 1310 4152 ‘¹⁸⁰⁸
