2967 4684
246 358 315 429 228
666 360 685 427 J
693 358 876 429 USTINI

245 496 371 581 captus
383 480 500 577 Cydni
516 478 674 551 iltuninis
688 482 911 568 arnoenitate,
925 502 990 578 per
1002 476 1156 550 mediam
1170 475 1300 553 urbem

242 588 443 680 influentis,
455 592 624 689 projectis
637 593 761 675 armis,
773 590 904 689 plenus
917 589 1074 688 pulveris
1087 614 1130 661 ac
1142 591 1299 676 sudoris,

213 712 229 767 t
241 707 280 773 in
294 702 531 802 praefrigidam
542 702 679 773 undam
691 726 728 773 se
741 702 902 799 projecit.
911 704 1003 771 Tum
1013 715 1165 798 repente
1178 715 1300 775 tantus

238 839 371 885 nervos
388 815 464 909 ejus
482 813 669 910 occupavit
686 814 802 909 rigor,
815 825 873 897 ut,
887 809 1082 881 interclusa
1099 835 1205 897 voce,
1220 836 1300 882 non
1385 890 1387 894 ,

238 948 320 1021 spes
339 922 450 994 modo
475 922 642 1010 remedii,
665 920 727 993 sed
750 945 818 992 nec
843 920 965 992 dilatio
983 920 1134 1019 periculi
1158 923 1298 993 inveni·

208 1044 347 1109 ⁵retur.
368 1038 473 1105 Unus
493 1048 569 1105 erat
590 1058 635 1105 ex
656 1031 825 1120 medicis,
846 1033 995 1103 nomine
1011 1029 1216 1129 Philippus,
1233 1034 1297 1129 qui

236 1143 333 1215 solus
359 1143 558 1218 remedium
584 1143 843 1240 polliceretur:
863 1142 925 1215 sed
950 1158 988 1215 et
1012 1143 1129 1239 ipsum
1155 1147 1297 1215 Parme·
1329 1203 1334 1212 .

110 1279 113 1285 ’
235 1256 357 1325 nionis
374 1254 489 1353 pridie
506 1280 525 1325 a
539 1253 768 1352 Cappadocia
782 1256 897 1325 missae
914 1252 1071 1350 epistolae
1088 1268 1295 1349 suspectum

203 1358 437 1445 tfaciehant:
453 1368 515 1462 qui
534 1368 681 1461 ignarus
698 1362 916 1436 infirmitatis
933 1360 1124 1435 Alexandri
1142 1363 1294 1461 scripse-

233 1490 306 1567 rat,
323 1506 340 1543 α
355 1501 375 1547 a
391 1474 558 1574 Philippo
577 1474 719 1548 medico
739 1490 904 1569 caveret;
921 1500 1006 1547 nam
1024 1489 1236 1570 corruptum
1253 1475 1293 1543 il·

202 1584 307 1665 Jlum
325 1610 346 1656 a
366 1580 476 1656 Dario
499 1587 638 1682 ingenti
656 1588 812 1683 pecunia
827 1611 914 1658 esse.
925 1616 943 1653 n
958 1590 1083 1657 Tutius
1100 1599 1221 1657 tamen
1239 1600 1294 1657 est

231 1710 347 1783 ratus,
362 1696 479 1767 dubiae
494 1720 531 1767 sc
544 1692 630 1766 fidei
643 1694 776 1767 medici
790 1695 1074 1794 credere,'quam
1088 1694 1291 1766 indubitato

201 1818 218 1870 8
231 1805 361 1877 morbo
375 1808 502 1905 perire.
516 1810 674 1904 Accepto
691 1809 804 1920 igitur
812 1807 960 1905 poculo,
972 1806 1139 1903 epistolas
1149 1805 1290 1877 medico

227 1916 394 2007 tradidit;
413 1931 520 2014 atque
538 1920 587 1989 ita
607 1920 702 1988 inter
721 1916 923 1988 bibendum
943 1916 1069 1987 oculos
1090 1918 1129 1986 in
1151 1915 1290 1986 vultum

199 2024 377 2123 elegentis
391 2026 558 2099 intendit.
574 2030 624 2098 Ut
640 2050 809 2099 securum
823 2029 1031 2123 conspexit,
1045 2026 1159 2097 laetior
1174 2022 1289 2099 factus

228 2148 298 2223 est,
315 2138 577 2232 sanitatemque
596 2150 724 2232 quarta
742 2134 801 2207 die
817 2136 964 2233 recepit.

201 2278 212 2313 ι
275 2247 335 2313 IX.
350 2249 493 2315 Interea
511 2248 640 2315 Darius
658 2268 741 2315 cum
760 2244 1035 2343 quadringentis
1049 2246 1207 2321 millibus
1225 2274 1286 2347 pe·

228 2352 359 2442 ditum,
369 2378 410 2425 ac
424 2368 570 2425 centum
585 2353 744 2426 millibus
758 2357 921 2453 equitum
933 2358 974 2425 in
986 2358 1098 2428 aciem
1112 2359 1285 2458 procedit.

199 2464 396 2535 ‚Movebat
412 2465 489 2536 haec
506 2465 701 2564 multitudo
719 2464 896 2555 hostium,
912 2482 1080 2564 respectu
1097 2472 1285 2566 paucitatis

226 2599 319 2661 suae,
339 2574 581 2648 Alexandrum
598 2603 606 2644 :
625 2576 688 2649 sed
705 2576 891 2649 interdum
908 2575 1116 2673 reputabat,
1132 2594 1284 2675 quantas

225 2708 284 2753 res
301 2706 385 2753 cum
402 2684 468 2754 ista
485 2686 664 2782 paucitate
682 2689 864 2784 gessisset,
882 2700 1110 2783 quantosque
1128 2688 1283 2786 populos

197 2814 213 2869 3
225 2790 383 2863 fudisset.
400 2797 525 2890 ltaque
540 2820 652 2893 quum
666 2821 748 2895 spes
760 2811 897 2869 metum
909 2799 1091 2883 vinceret,
1104 2799 1282 2896 periculo·

225 2907 298 2975 sius
308 2900 453 2976 differre
466 2903 600 2977 bellum
612 2921 726 2995 ratus,
737 2932 786 2979 ne
797 2905 998 3006 desperatio
1009 2912 1081 2980 suis
1091 2926 1282 3001 cresceret,

258 3121 282 3177 4.
295 3117 353 3165 Nos
363 3134 415 3186 spes
426 3112 496 3167 modo
507 3116 612 3169 remedii.
622 3118 674 3171 Pro
683 3136 733 3171 sos
774 3117 854 3171 Diod
865 3117 965 3186 xvn,
975 3120 1008 3175 36
1018 3133 1106 3175 sutem
1114 3122 1144 3175 in
1153 3122 1208 3175 scie
1217 3121 1281 3176 oeci·

221 3191 293 3243 modo
310 3212 359 3245 non
378 3212 429 3263 spes
447 3194 552 3246 remedii.
567 3194 636 3249 Vide
654 3214 732 3267 suprs
773 3195 843 3250 disse
859 3197 926 3251 dicit
946 3216 1058 3266 nu,ooo
1076 3200 1179 3265 Perssst
1193 3200 1280 3253 Mace·

220 3264 295 3323 notos
308 3269 341 3322 ad
356 3270 401 3335 ΙΙ,
416 3293 444 3337 ι,
457 3276 482 3323 6.
496 3290 543 3327 sn.
772 3274 856 3328 donas
869 3290 961 3329 conus
972 3297 1028 3331 non
1040 3279 1091 3332 nisi
1106 3280 1171 3346 450,
1184 3292 1212 3333 et
1219 3280 1279 3332 Jus-

256 3350 279 3401 5.
294 3350 416 3420 Epistolee.
430 3350 467 3402 Ut
481 3350 505 3421 s.
521 3350 537 3402 8
555 3348 663 3422 pluralis
679 3369 729 3422 pro
771 3353 842 3406 tinus
853 3367 943 3407 noster
955 3357 1015 3408 280.
1024 3386 1059 3396 -
1068 3358 1100 3409 A.
1109 3358 1144 3408 U.
1156 3364 1215 3419 4²1.

218 3426 344 3499 singulari
353 3428 466 3499 epistola,
477 3440 507 3479 ut
516 3426 583 3479 infra
593 3446 651 3500 cap.
661 3426 728 3493 llll,
805 3433 831 3485 3.
847 3436 963 3485 Vr'sceoet.
973 3434 1127 3505 superstet,
1136 3452 1196 3505 spes
1205 3447 1278 3489 metu

220 3522 247 3571 ι,
260 3508 275 3559 3
290 3517 316 3558 et
330 3524 360 3573 9,
373 3518 400 3558 et
413 3524 490 3577 supra
505 3503 533 3571 I,
547 3506 578 3570 6,
596 3524 618 3559 r.
769 3510 902 3581 superior,
919 3514 1003 3583 major
1019 3524 1095 3565 esset.
1112 3540 1147 3553 -·
1166 3514 1278 3582 &apulos

252 3603 278 3653 7.
290 3582 429 3635 Indubs'toto
440 3582 530 3635 morbo.
542 3583 658 3637 sebisius
672 3601 729 3636 σοι»
766 3598 851 3656 gestes
859 3588 952 3641 diversa
961 3583 1068 3642 ominus
1079 3590 1223 3664 adloqulnsr.
1231 3591 1279 3644 Fas

97 3680 100 3695 ·
216 3659 280 3731 rigit
291 3662 426 3713 nautum
439 3674 522 3713 morte.
537 3680 583 3713 nn.
770 3665 890 3736 geminus
901 3666 964 3719 huic
977 3667 1036 3721 loeo
1048 3670 1122 3721 locus
1134 3668 1206 3741 apud
1217 3669 1277 3722 nv.

250 3738 300 3789 tx.
314 3758 336 3791 1.
346 3742 466 3792 Insciens.
477 3737 557 3811 Apud
570 3739 655 3791 Issum
667 3736 729 3790 Cili·
769 3740 865 3807 XXX,
879 3744 925 3809 33,
938 3745 963 3797 8.
981 3764 1026 3799 su.
1040 3777 1075 3786 -
1086 3751 1140 3799 ucis
1155 3756 1276 3798 cresceret.

214 3814 274 3885 cie,
289 3815 369 3868 Diod.
390 3816 489 3882 XVII,
507 3816 608 3884 3ο-39,
625 3814 728 3889 olymp.
769 3820 841 3873 Num
870 3822 969 3893 igitur,
994 3824 1032 3876 ait
1062 3824 1197 3888 undas,
1220 3826 1277 3895 jans

215 3910 280 3957 ru,
290 3900 321 3958 4,
331 3899 362 3945 Δ.
372 3894 408 3947 U.
422 3902 468 3957 tas
476 3931 486 3960 ,
495 3894 541 3967 qni
550 3890 670 3965 peditum
678 3912 727 3947 nn-
766 3898 908 3953 Alexandri
919 3902 1014 3954 milites
1025 3902 1054 3953 in
1066 3900 1276 3971 desperationem

212 3988 316 4023 merum
330 3976 460 4036 doo,ooo,
474 3972 593 4045 equitum
613 3990 725 4035 roo‚ooo
766 3974 933 4030 inciderant?
946 3980 1013 4031 Nam
1029 3978 1050 4029 si
1067 3988 1125 4029 tum
1139 3978 1211 4031 nulla
1225 3978 1277 4033 tuit

212 4048 350 4101 excessisse
365 4047 450 4101 dicit:
465 4066 497 4099 ex
515 4048 610 4119 quibus
629 4050 726 4105 Noster
765 4050 931 4123 desperatio,
951 4052 1087 4127 quomodo
1108 4056 1197 4126 potnit
1215 4076 1277 4109 cres·

212 4126 234 4191 S.
247 4144 278 4179 ro
286 4124 496 4199 Persassmisisse
503 4138 591 4183 narrat
600 4144 722 4197 111‚0oo;
766 4137 837 4184 cere?
845 4132 917 4187 Malo
930 4132 1011 4203 igitur
1023 4133 1099 4205 sequi
1110 4133 1276 4189 Schelsemm
