2967 4684
218 357 288 402 220
639 327 849 398 JUSTINI

216 453 262 524 ad
290 457 412 522 Persas
438 448 625 538 defecisse,
652 466 912 547 auctoremque
938 451 1015 546 ejus
1043 447 1280 538 deiectionis,

217 587 349 660 magno
366 565 442 634 auri
460 561 622 660 pondere
642 587 663 632 a
681 565 797 634 Persis
819 576 1050 658 corruptum,
1065 559 1280 631 Demosthe-

190 689 206 742 8
219 698 303 744 nem
321 688 499 746 oratorem
515 675 689 742 exstitisse
703 699 711 740 ε
726 675 789 769 qui
802 670 1042 742 Macedonum
1058 670 1191 742 deletas
1206 695 1281 742 om·
1350 738 1356 753 ,

220 807 285 854 nes
297 807 380 854 cum
392 807 474 879 rege
489 783 608 881 copias
622 806 642 851 a
654 781 821 853 Triballis
833 779 1089 868 adfirmaverit,
1101 780 1280 881 producto

220 895 259 962 in
279 896 493 964 concionem
511 908 678 980 auctore,
695 895 758 990 qui
779 894 819 963 in
837 917 881 963 eo
901 891 1042 990 praelio,
1059 894 1099 962 in
1121 917 1196 990 quo
1216 916 1282 962 rex

191 1033 208 1082 9
221 1003 403 1093 ceciderit,
413 1029 450 1076 se
459 1027 606 1102 quoque
615 1003 842 1074 vulneratum
856 1001 1001 1072 diceret
1012 1003 1092 1091 Qua
1105 1003 1281 1098 opinione

221 1129 376 1186 mutatos
398 1118 562 1186 omnium
581 1112 695 1185 ferme
713 1115 894 1184 civitatum
916 1115 1057 1183 animos
1075 1135 1174 1183 esse:
1191 1135 1281 1208 prae·

177 1253 210 1290 ιο
221 1224 309 1296 sidia
322 1225 562 1297 Macedonum
573 1223 741 1295 obsideri.
755 1253 772 1288 n
785 1220 926 1311 Quibus
939 1219 1100 1292 motibus
1113 1243 1283 1291 occursu·

222 1361 295 1424 rus,
306 1351 403 1407 tanta
417 1336 596 1407 celeritate
608 1337 788 1404 instructo
799 1347 999 1431 paratoque
1012 1333 1172 1403 exercitu
1183 1335 1281 1402 Grae-

224 1447 313 1516 ciam
323 1449 518 1546 oppressit,
529 1460 705 1542 ut,quem
718 1446 845 1514 venire
856 1467 935 1514 non
946 1439 1282 1528 senserant,videre

221 1581 260 1628 se
277 1559 335 1628 vix
354 1556 553 1628 crederent.

195 1703 207 1738 1
270 1671 332 1736 III.
350 1671 395 1736 In
419 1668 571 1736 transitu
592 1663 757 1736 hortatus
776 1662 965 1735 Thessalos
987 1662 1123 1752 suerat3
1142 1660 1282 1734 benefi-

223 1777 435 1871 ciorumque
453 1773 608 1874 Philippi
628 1776 753 1873 patris,
771 1790 1014 1872 maternaeque
1035 1801 1107 1846 suae
1125 1774 1283 1846 cumbis

196 1884 269 1957 aab
289 1885 513 1958 AEacidarum
532 1899 639 1984 gente
660 1886 935 1957 necessitudinis
953 1885 1198 1956 admonuerat.
1216 1890 1284 1956 Cu-

224 1995 308 2096 pide
331 1995 408 2068 haec
429 1995 605 2068 Thessalis
626 1996 876 2085 audientibus,
896 1997 1061 2096 exemplo
1079 1999 1191 2095 patris
1210 1996 1284 2068 dux

223 2109 399 2179 universes
419 2110 536 2206 gentis
554 2123 694 2180 creatus
715 2122 809 2196 erat,
827 2123 865 2179 et
881 2107 1067 2205 vectigalia
1088 2109 1212 2177 omnia
1227 2132 1284 2178 re·

196 2215 394 2315 editusque
412 2243 495 2290 suos
512 2219 544 2288 ei
563 2217 795 2293 tradiderant.
817 2218 886 2290 Sed
905 2217 1162 2306 Athenienses,
1179 2218 1285 2289 sicuti

197 2330 331 2428 tprimi
348 2326 574 2418 defecerant,
587 2331 636 2400 ita
653 2331 761 2428 primi
780 2330 957 2428 poenitere
973 2342 1182 2427 coeperunt,
1197 2352 1284 2399 con·

225 2451 377 2510 temtum
393 2437 507 2510 hostis
523 2441 562 2510 in
579 2439 855 2511 admirationem
871 2453 1069 2524 vertentes,
1083 2439 1286 2537 pueritiam

206 2599 208 2604 ,
226 2573 297 2644 que
312 2548 503 2622 Alexandri
515 2564 669 2648 spretam
682 2564 803 2638 antea,
817 2574 926 2647 supra
939 2551 1107 2620 virtutem
1121 2563 1284 2619 veterum

198 2658 361 2730 sducum
383 2659 604 2732 extollentes.
625 2661 745 2730 Missis
767 2661 888 2756 itaque
909 2658 1051 2756 legatis,
1070 2656 1203 2728 bellum
1222 2654 1284 2727 de-

226 2769 573 2868 precanturzquibus
582 2769 710 2842 auditis
720 2785 756 2840 et
764 2771 916 2866 graviter
925 2771 1129 2867 increpatis,
1136 2767 1285 2839 Alexan·

93 2884 97 2900 “
198 2877 292 2950 eder
309 2879 445 2950 bellum
461 2881 606 2951 remisit.
620 2879 710 2950 lndc
722 2878 865 2951 Thebas
879 2883 1078 2953 exercitum
1092 2880 1287 2968 convertit,

227 2988 353 3060 eadem
370 2984 594 3086 indulgentia
608 3014 755 3078 usurus,
770 2993 800 3062 si
818 3015 941 3088 parem
961 2992 1211 3090 poenitentiam
1229 2992 1285 3060 in·

198 3104 392 3180 7venisset.
413 3101 482 3172 Sed
499 3098 663 3171 Thebani
681 3103 807 3190 armis,
824 3125 902 3172 non
923 3099 1092 3200 precibus
1111 3099 1201 3199 [nec
1223 3099 1285 3170 de·

226 3211 454 3315 precatione]
471 3214 526 3284 usi
547 3226 642 3284 sunt
662 3216 789 3311 Itaque
807 3204 1118 3312 victi'gravissima
1133 3235 1285 3310 quaeque

261 3413 286 3466 8.
304 3411 421 3465 Triballis.
434 3410 545 3483 Respice
557 3411 613 3478 ttt,
628 3412 658 3478 3,
678 3429 733 3465 1·².
774 3425 850 3486 peter
861 3415 966 3478 Peleus,
980 3414 1075 3485 AEgine
1086 3433 1103 3466 e
1114 3425 1192 3486 petre
1203 3415 1284 3465 AEaco

226 3521 261 3532 -
271 3489 446 3560 Adfimaoen't
463 3491 543 3561 Angli
559 3489 733 3561 adfinnaeerss.
773 3493 1127 3565 pulennimpmvitl’lrtbio
1134 3493 1283 3546 Thacalin.

227 3569 310 3624 servo
322 3571 463 3640 vulgatam.
479 3585 525 3620 ιι).
774 3571 852 3623 conf.
863 3583 950 3623 tamen
958 3569 1057 3635 xvtt,
1073 3572 1103 3635 3,
1117 3578 1144 3635 4.

262 3644 733 3716 9.Proesidia...obsideri.bmbreeiote
810 3654 834 3711 4.
859 3655 988 3702 Verrem.
1011 3647 1148 3701 Editionee
1172 3648 1285 3720 entique

227 3742 254 3776 r.
264 3741 288 3776 c.
299 3726 427 3780 referente
436 3723 515 3780 Diod.
527 3723 660 3789 xv11,3,
671 3741 734 3795 pro·
774 3739 940 3795 coementes.

228 3799 325 3854 sidium
337 3803 539 3858 Macedonicum
549 3804 690 3874 ejecerunt.
810 3805 835 3859 5.
848 3807 987 3877 Increpatis.
1008 3805 1063 3857 Aut
1084 3803 1107 3857 si
1126 3803 1209 3858 mevit
1222 3821 1285 3856 cum

264 3879 319 3930 Ill.
345 3899 367 3934 1.
387 3879 631 3952 Beneficiorumque...
646 3883 734 3952 patris.
774 3885 848 3938 June
859 3897 886 3937 et
898 3902 954 3937 uno
964 3882 1026 3936 eod.
1039 3886 1167 3956 increpitis.
1181 3913 1215 3924 -
1226 3882 1284 3934 Bet·

228 3955 340 4029 Respice
350 3957 418 4023 Vll,
429 3959 500 4026 6,8;
510 3957 599 4024 v111,
610 3957 638 4024 3,
650 3977 733 4012 ιι-
774 3964 823 4016 lem
837 3967 933 4015 ηιιέιὶε.
945 3964 1058 4016 Veniam
1075 3961 1230 4016 desectionis
1240 3959 1286 4014 de-

229 4035 392 4091 AEacidenmr.
404 4035 468 4090 Vid.
480 4049 536 4092 not.
548 4035 582 4091 ad
594 4055 651 4112 cap.
666 4045 694 4103 4,
707 4037 732 4092 5.
775 4039 828 4108 dit,
841 4060 890 4096 nec
901 4041 1001 4094 bellum
1011 4041 1053 4093 hi·
1062 4041 1162 4094 intulit.

230 4115 343 4172 Achiuo·
355 4127 455 4184 eutem,
467 4128 493 4172 et
502 4127 561 4173 enm
570 4118 643 4174 hune
651 4117 733 4192 ipsius
809 4137 837 4190 7.
853 4122 943 4174 Victi...
954 4130 1019 4174 suet.
1030 4119 1111 4175 cai·
1123 4119 1207 4183 enin,
1220 4115 1286 4169 dum
