2967 4684
215 350 256 424 4²
545 341 936 412 PROLEGOMENA

257 474 291 526 et
310 475 406 548 capto
421 479 525 547 quum
544 479 683 549 regnum
700 460 931 542 concessisset,
945 461 1170 552 Cupbitssque
1189 468 1275 532 oeci.

256 560 372 644 disset,
384 561 523 626 ‘ulterius
534 584 602 650 quo
615 561 722 628 minus
736 561 982 652 progrediatur,
995 563 1174 654 impeditur
1186 568 1274 632 mili·

257 679 329 728 tum
344 663 510 754 precibus.
746 721 752 732 .

212 768 290 832 Car.
302 767 442 834 [x-xll.
455 765 581 832 Deinde
595 781 704 832 nmen
720 787 910 856 progressus
922 767 964 832 ad
975 768 1185 857 Sygambros,
1199 792 1274 858 gra·

254 870 404 957 vitorque
432 869 480 935 ibi
505 869 714 951 uulneratus,
740 870 838 934 saluti
863 886 971 936 tamen
986 868 1151 953 redditus,
1166 895 1271 959 quum

254 971 424 1038 Oceanum
445 988 618 1053 tentasset,
634 971 767 1038 tandem
786 972 984 1061 Babylonem
1000 995 1161 1054 inversus,
1178 972 1272 1039 ducit

253 1075 288 1138 in
302 1077 547 1140 matrimonium
559 1076 728 1158 Statiram,
741 1075 830 1140 Darii
843 1075 959 1158 filiam,
974 1074 1271 1164 munificentiaeque

254 1175 425 1264 simulque.
438 1177 472 1242 in
492 1176 661 1242 seditiosos
680 1179 876 1261 severitatis,
892 1177 1139 1268 prudentiaeque
1160 1180 1196 1243 in
1218 1179 1272 1244 bis

253 1277 446 1346 coercendis
460 1281 608 1370 exempla
623 1277 709 1364 edit,
724 1297 759 1346 et
772 1281 1035 1370 Hephaestionem
1056 1281 1156 1370 luget.
1171 1282 1210 1345 A.
1226 1283 1268 1346 U.

254 1381 330 1461 428.
541 1393 544 1400 '

208 1484 286 1549 Car.
301 1485 473 1552 XIII-XV.
486 1485 685 1574 Babylonem
696 1506 844 1550 reversus
859 1485 913 1574 (A.
929 1485 1084 1571 U.,429),
1097 1485 1156 1548 ubi
1168 1507 1210 1549 ex
1220 1507 1269 1550 re·

252 1587 439 1652 motissimis
453 1585 531 1652 inde
544 1587 696 1677 gentibus
704 1587 885 1677 legationes
898 1588 1006 1677 ipsum
1022 1587 1268 1676 exspectabant,

251 1707 381 1754 veneno
392 1689 571 1778 Antipatri,
583 1687 662 1754 forti
675 1690 787 1754 animo
800 1706 940 1754 mortem
951 1692 1144 1780 opperiens,
1158 1692 1270 1756 tacite

251 1809 316 1877 que
329 1789 517 1854 Perdiccam
530 1813 751 1858 successorem
768 1790 940 1880 designans
954 1793 1037 1857 obit.
1051 1793 1089 1857 A.
1106 1791 1151 1856 U..
1163 1789 1238 1870 430.

205 1889 284 1954 Car.
301 1890 387 1958 XVI.
405 1891 517 1975 Qualis
531 1891 582 1957 vir
596 1892 696 1958 fuerit
711 1892 905 1960 Alexander.

613 2068 736 2112 tuna
759 2065 856 2112 xm.

211 2205 215 2212 '
238 2197 299 2246 Not.
308 2193 349 2248 Ex
355 2195 401 2249 lib.
413 2197 551 2251 XllI-XL.
562 2195 701 2252 Alexandri
713 2215 887 2265 coercitores,
898 2217 1012 2271 quornm
1023 2199 1160 2253 historiam
1171 2201 1268 2254 abhoc

206 2295 275 2330 anno
288 2279 322 2331 U.
334 2279 365 2333 C.
377 2280 556 2354 Aduolymp.
574 2289 636 2348 114,
649 2280 725 2346 1,111
738 2282 956 2354 amnequeeis,
973 2282 1076 2356 olymp.
1091 2301 1160 2352 119,
1175 2283 1206 2349 3,
1218 2301 1268 2356 por

205 2377 289 2413 annos
303 2379 335 2414 aa
345 2362 513 2435 persequitur
525 2363 659 2418 Diodorus
670 2363 717 2418 lib.
730 2365 902 2420 XVIII-XX.
952 2423 955 2428 ,

205 2469 283 2532 Car.
298 2469 324 2533 1.
335 2469 456 2536 Luctus
467 2489 676 2557 caeterorurn,
686 2473 844 2564 gaudium
852 2475 1071 2542 Macedonum
1079 2473 1123 2540 de
1133 2475 1270 2542 Alexan·

248 2570 301 2636 dri
313 2589 433 2656 morte,
446 2590 519 2644 tum
531 2574 673 2640 militum
686 2575 833 2659 divitias,
844 2593 916 2641 tum
929 2577 1069 2658 ducum,
1082 2577 1140 2662 qui
1153 2597 1267 2639 omnes

247 2674 424 2762 praecipui,
442 2691 518 2740 sunt
532 2677 653 2766 singuli
672 2699 764 2767 reges
785 2676 932 2758 dicendi,
952 2699 1053 2765 regna
1077 2691 1266 2765 exspectan·

248 2789 343 2838 trum.

204 2877 280 2940 Car.
298 2875 340 2940 ll.
358 2876 449 2960 Quid
468 2880 698 2947 constituerint
714 2878 889 2947 Alexandri
903 2879 1004 2945 duces
1019 2879 1061 2946 de
1073 2881 1175 2971 ipsius
1190 2903 1266 2947 suc·

249 3000 375 3044 cessere
391 2981 557 3072 eligendo.

204 3083 281 3146 Car.
298 3082 423 3148 Ill-lV.
440 3083 641 3150 Seditionem
661 3083 763 3174 igitur
774 3082 901 3171 equites
914 3083 1001 3148 inter
1015 3101 1050 3149 et
1062 3084 1188 3176 pedites
1203 3087 1266 3152 bac

246 3183 346 3250 dere
368 3201 473 3252 ortam
494 3209 598 3275 quum
621 3183 793 3251 Perdiccas
813 3183 978 3268 sedasset,
997 3186 1041 3250 ita
1062 3204 1101 3252 ut
1118 3187 1267 3253 Aridseus

248 3311 325 3353 cum
348 3287 524 3356 Alexandri
548 3287 617 3354 filio
644 3286 808 3353 nascendo
831 3310 970 3378 regnum
991 3289 1266 3369 communicaret,

171 3443 174 3454 .
248 3392 425 3482 provinciae
437 3391 572 3483 singulte
584 3392 628 3456 ab
642 3391 708 3458 boc
723 3391 810 3456 inter
824 3388 925 3455 duces
940 3387 1142 3454 dividuntur.

203 3496 280 3559 Gar.
299 3495 337 3559 V.
360 3496 523 3586 Antipatri
546 3511 579 3560 et
602 3493 738 3560 Leonati
758 3515 836 3558 cum
856 3491 1108 3558 Atheniensibus
1128 3490 1265 3557 bellum.

250 3600 286 3662 A.
301 3599 341 3661 U.
358 3597 433 3676 431.

205 3699 282 3763 Car.
299 3699 354 3764 Vl.
370 3699 542 3790 Antigoni,
559 3699 685 3765 Crateri
699 3715 733 3764 et
749 3697 910 3788 Antipatri
920 3696 1045 3762 bellum
1058 3711 1173 3760 contra
1188 3695 1268 3762 Per·

249 3799 393 3885 diccam,
412 3825 528 3892 regum
551 3799 891 3884 tutorem,Eumenis
917 3797 1070 3863 amicum.
1097 3797 1268 3865 Perdiccas

248 3901 393 3990 primum
415 3904 504 3968 bello
519 3920 632 3994 petere
647 3919 739 3994 parat
753 3901 968 3970 Ptolemoeum
983 3899 1118 3991 AEgypti
1133 3901 1267 3992 pretec-

250 4021 339 4087 tum,
351 4007 409 4094 qui
422 4007 580 4072 Crnnnnn
596 4027 729 4094 quoque
742 4003 805 4069 sibi
818 4001 1045 4090 adquisiverat.

205 4109 282 4176 Car.
300 4108 375 4173 Vll.
391 4111 439 4173 De
451 4108 548 4188 hujus
563 4109 655 4174 urbis
669 4099 797 4198 origine
811 4105 1000 4195 exponitur.
