2967 4684
188 392 192 400 .
217 335 285 406 362
640 333 853 402 JUSTlNI

187 461 376 549 aQuarum
394 480 516 544 rerum
541 453 711 538 felicitate
733 455 854 541 laetus,
870 454 1012 526 Heleno
1033 453 1110 526 filio
1133 451 1277 544 Siciliae,

214 568 315 640 velut
331 569 467 638 avitum
486 565 593 661 (nam
612 580 801 663 susceptus
819 590 864 637 ex
882 563 955 636 filia
967 565 1173 664 Agathoclis
1185 566 1279 665 regis

187 680 325 775 terat),
348 677 550 752 Alexandro
570 693 689 782 autem
707 676 817 749 Italiae
835 702 990 774 regnum
1008 676 1174 748 destinat.
1194 683 1280 750 Post

215 791 293 863 haec
323 791 435 862 multa
463 789 624 862 secunda
653 788 775 887 praelia
805 813 890 860 cum
920 787 1279 886 Carthaginiensibus

187 900 311 974 tfacit.
337 903 534 997 luterjecto
562 898 696 972 deinde
725 914 912 997 tempore,
938 899 1043 996 legati
1072 898 1119 970 ab
1147 897 1278 970 Italicis

215 1014 322 1086 sociis
333 1013 745 1100 venere‚nuntiantes,«
757 1011 931 1081 Romanis
939 1011 1057 1082 resisti
1068 1035 1146 1080 non
1156 1033 1278 1108 posse,

184 1138 202 1190 6
215 1122 510 1226 deditionemque
527 1121 703 1210 hattuam,
717 1124 788 1193 nisi
803 1120 1033 1192 subveniat.»
1049 1120 1187 1192 Anxius
1204 1134 1280 1191 tam

114 1309 119 1317 ,
215 1234 384 1333 ambiguo
402 1234 587 1334 periculo,
603 1236 856 1333 incertusque,
869 1230 959 1330 quid
975 1246 1114 1330 ageret,
1128 1231 1185 1301 vel
1199 1231 1280 1330 qui-

214 1343 284 1418 bus
312 1348 471 1445 primum
496 1345 726 1433 subveniret,
748 1344 788 1413 in
809 1358 1007 1440 utrumque
1027 1366 1167 1439 pronus
1189 1365 1279 1411 con-

185 1455 387 1541 7sultabat.¹
397 1459 541 1555 Quippe
559 1453 781 1527 instantibus
798 1453 887 1526 hinc
905 1452 1279 1551 Carthaginiensibus,

213 1568 299 1639 inde
322 1569 515 1656 Romanis,
534 1567 777 1664 periculosum
797 1564 1005 1652 videbatur,
1023 1566 1221 1635 exercitum
1239 1565 1279 1633 in

214 1677 352 1748 Italiam
367 1703 444 1747 non
459 1678 621 1773 trajicere
631 1703 640 1766 ;
651 1677 890 1776 periculosius
909 1702 930 1748 a
948 1677 1065 1747 Sicilia
1078 1668 1278 1771 deducere:

214 1811 261 1858 ne
281 1801 343 1857 aut
360 1785 429 1873 illi,
444 1811 522 1858 non
539 1787 610 1858 lata
628 1812 714 1887 ope,
731 1803 793 1858 aut
810 1787 849 1856 hi
868 1787 1000 1859 deserti
1017 1788 1277 1858 amitterentur.

185 1901 257 1968 alu
274 1896 346 1968 hoc
365 1913 453 1970 aestu
471 1899 737 1996 periculorum,
751 1899 950 1970 tutissimus
964 1913 1092 1996 portus
1109 1897 1280 1988 consilio·

212 2032 296 2078 rum
312 2011 407 2078 visus
428 2024 502 2098 est,
520 2007 692 2080 omuibus
713 2008 853 2080 viribus
870 2009 1070 2080 decernere
1086 2011 1126 2079 in
1143 2007 1279 2095 Sicilia3

213 2132 268 2206 et,
282 2116 483 2216 profligatis
503 2119 879 2217 Carthaginiensibus,
891 2123 1067 2190 victorem
1081 2121 1279 2190 exercituin

184 2262 200 2312 9
214 2243 452 2328 transponere
469 2231 507 2299 in
523 2230 670 2302 ltaliam.
683 2235 810 2328 ltaque
824 2245 993 2302 conserto
1007 2231 1150 2328 prelio,
1166 2255 1278 2327 quum

212 2340 376 2438 superior
394 2339 539 2429 fuisset,
557 2341 733 2438 quoniam
753 2355 875 2412 tamen
894 2365 915 2410 a
932 2341 1048 2412 Sicilia
1063 2340 1194 2428 abiret,
1210 2364 1278 2439 pro

168 2484 199 2519 ιο
211 2452 309 2522 victo
328 2448 451 2547 lugere
469 2453 565 2524 visus
583 2467 638 2523 est
654 2478 661 2523 :
678 2475 720 2523 ac
736 2466 930 2551 propterea
949 2453 1038 2523 socii
1056 2451 1103 2523 ab
1121 2476 1166 2523 eo
1181 2450 1279 2524 defe-

212 2577 362 2646 cerunt;
386 2577 423 2632 et
441 2563 634 2660 imperium
659 2562 783 2634 Siciliae
810 2576 884 2632 tam
910 2565 983 2632 cito
1007 2562 1144 2647 amisit,
1167 2585 1278 2656 quarn

166 2706 196 2742 ιι
211 2668 313 2743 facile
348 2673 545 2770 quaesierat.
581 2671 650 2744 Sed
684 2698 753 2743 nec
785 2673 824 2743 in
856 2673 957 2743 Italia
988 2672 1135 2743 meliore
1165 2668 1276 2740 felici·

212 2796 283 2853 tate
306 2809 411 2871 usus,
435 2785 473 2851 in
501 2785 650 2880 Epirum
674 2779 876 2854 revertitur.
900 2782 1127 2853 admirabilis
1144 2783 1277 2852 utrius-

167 2917 283 2993 nque
305 2895 357 2964 rei
378 2917 480 2964 casus
502 2895 541 2963 in
564 2893 769 2993 exemplum
792 2891 870 2965 luit.
887 2896 980 2966 Nam
1001 2895 1095 2965 sicut
1114 2907 1197 2964 ante
1217 2917 1279 2964 se-

210 3105 335 3169 sistratus,
344 3092 723 3180 Pyrrhumimploraruntcon·
765 3109 848 3168 anchi,
876 3106 1016 3176 palestram
1045 3101 1280 3176 canlagnimsibm

210 3198 248 3238 tra
263 3185 498 3256 Carthaginienses.
511 3188 585 3237 -A.
599 3187 632 3238 U.
645 3193 704 3257 477.
765 3197 791 3234 et
812 3189 926 3236 Romanis
948 3185 1120 3256 mlbquimus!
1144 3183 1278 3235 Plutarch.

246 3264 271 3316 3.
285 3295 319 3304 -
332 3266 410 3316 Anno
421 3263 502 3317 Urbis
515 3267 574 3333 678.
765 3263 859 3338 Pyrrh.
875 3282 933 3334 cap.
948 3265 990 3314 ⁵2.
1002 3279 1049 3313 an.

246 3341 479 3408 4.xr1ulta...sacu.
496 3341 724 3414 Carthaginienses
802 3361 842 3395 ιο.
864 3347 900 3394 Et
919 3344 1038 3412 imperium
1060 3339 1147 3390 mitte
1169 3349 1218 3389 tam
1231 3341 1279 3388 cito

210 3421 282 3474 enim
294 3421 430 3486 omnihus,
443 3439 501 3493 que
512 3423 540 3473 in
552 3422 667 3475 Siciliam
679 3439 723 3474 oc·
741 3419 749 3431 '
764 3423 850 3484 amisit,
863 3439 934 3493 quam
940 3419 1017 3484 facile
1032 3421 1166 3490 quoeskmt.
1178 3417 1279 3469 Confer

211 3513 386 3572 supererant,
399 3500 464 3553 locis
482 3498 575 3553 cedere
589 3501 721 3571 cogebin·
763 3498 831 3551 inira
842 3497 933 3562 XXV,
946 3503 976 3559 4,
989 3497 1014 3549 3.

211 3591 269 3644 tur,
280 3593 390 3652 excepto
401 3579 486 3653 Eryce
499 3591 526 3632 et
538 3579 664 3654 Lilybeo.
801 3595 842 3629 rr.
854 3582 885 3628 [a
899 3575 979 3626 Italia.
993 3575 1056 3638 Quo
1073 3590 1105 3624 ex
1123 3571 1211 3626 Sicilia
1228 3571 1278 3625 ite·

247 3658 272 3711 5.
284 3659 375 3710 Italicis
389 3661 468 3710 sociis.
480 3657 656 3722 Samnitibus,
668 3657 722 3709 Ta·
764 3673 824 3707 rum
839 3653 983 3726 trajiciens,
997 3671 1052 3704 non
1061 3651 1113 3703 nisi
1127 3650 1279 3704 usuaribus

211 3737 337 3801 reatinis,
350 3737 461 3801 Brutiis,
473 3735 593 3788 Lucanis.
765 3751 797 3786 ex
810 3751 860 3786 too
870 3731 990 3795 matis,
1001 3729 1100 3784 ceteris
1110 3747 1160 3800 per
1171 3726 1281 3780 Cartha-

247 3835 271 3882 9.
284 3822 331 3867 Pro
340 3820 414 3868 victo
428 3817 573 3889 Tamquam
584 3815 683 3880 victus,
694 3827 724 3868 ut
765 3811 896 3882 ginienses
907 3809 1020 3871 amissis,
1031 3826 1073 3860 an.
1084 3813 1134 3877 479
1142 3804 1281 3878 pervenit,

212 3893 297 3945 Plaut.
310 3893 393 3945 Mero.
407 3893 459 3957 IV,
476 3895 505 3957 3,
528 3895 575 3958 ²63
595 3893 653 3944 Liv.
675 3891 724 3957 ll,
765 3902 792 3942 et
803 3886 1108 3964 quam,amissis23,ooo
1116 3883 1281 3936 militibusin

212 3975 261 4035 623
276 3971 341 4024 Cats.
352 3971 415 4023 Bell.
431 3971 498 4024 Gall.
512 3971 547 4038 V,
557 3974 583 4025 8.
595 4001 630 4012 -
640 3973 723 4023 Rece·
764 3969 854 4041 pretio
862 3984 924 4019 cum
934 3965 1016 4019 Curio
1026 3965 1206 4015 Romanorum
1215 3979 1281 4013 con·

213 4048 279 4102 dens
290 4061 377 4100 autem
392 4061 418 4100 et
429 4049 542 4101 insulam
558 4061 723 4120 respectans,
765 4048 822 4099 sule
829 4046 977 4109 commisso,
986 4042 1155 4096 eodemanno
1162 4039 1279 4112 reliquit.

213 4127 352 4181 comitibus
367 4126 421 4179 suis
439 4124 507 4178 dixit
529 4145 535 4179 :
563 4134 585 4178 0
610 4127 721 4199 qualem,
766 4156 799 4167 ·-
812 4126 891 4178 Anno
902 4123 983 4176 Urbis
997 4128 1056 4192 479·
