2967 4684
367 349 751 426 msromaemu·
773 357 932 428 trena
956 360 1102 428 xxxi.
1190 341 1263 457 ’.κῃ-9

204 479 386 576 ginienses
412 474 507 548 ultro
532 499 609 547 rem
635 478 789 546 Romam
813 502 879 575 per
894 478 1059 578 legatum
1085 479 1266 554 deferunt·

204 589 361 664 Romani
384 607 532 684 quoque
554 584 602 657 ad
624 585 848 658 Antiochum
871 588 1004 687 legatos
1027 593 1176 683 misere,
1201 583 1294 692 quit

205 699 274 774 sub
291 700 410 799 specie
427 696 629 794 legationis,
646 710 683 768 et
701 698 795 794 regis
810 697 1021 798 adparatum
1038 703 1266 801 specularen-

205 826 278 900 tur,
292 825 328 884 et
340 807 582 882 Hannibalem
595 821 659 880 aut
670 811 845 881 Romanis
860 811 1066 909 mitigarent
1072 869 1089 902 „
1097 830 1159 887 aut
1174 815 1266 889 adsi-

206 922 281 996 duo
295 920 479 1019 colloquio
496 932 703 1019 suspectum
721 920 952 1020 invisumque
969 923 1046 1020 regi
1061 923 1266 998 redderent.

206 1037 334 1129 Itaque
360 1029 466 1127 legati
492 1054 606 1128 quum
632 1026 766 1128 Ephesi
793 1035 1051 1106 convenissent
1070 1034 1117 1106 ad
1142 1040 1295 1109 Antio-⁵

209 1142 340 1230 chum,
359 1138 535 1214 mandata·
546 1141 580 1212 ei
596 1153 741 1212 senatus
758 1140 918 1213 tradunt
936 1146 1033 1214 Dum
1052 1168 1296 1246 responsums

207 1267 437 1354 exspectant,
454 1251 627 1326 omnibus
652 1247 780 1323 diebus
801 1250 941 1325 adsidui
964 1255 1269 1361 circa-Hanniba·

208 1362 280 1435 lem
295 1362 395 1436 luere
408 1390 416 1432 :
431 1360 614 1450 dicentes,
628 1391 646 1428 α
661 1360 787 1434 timide
800 1385 885 1434 cum
900 1387 921 1434 a
935 1366 1052 1463 patria
1066 1369 1271 1450 recessisse,

176 1469 178 1474 ’
209 1497 323 1573 quum
345 1497 471 1572 pacem
489 1475 664 1562 Romani,
679 1497 758 1547 nou
777 1488 851 1544 tam
868 1498 953 1546 cum
967 1475 1155 1573 republica
1175 1480 1271 1575 ejus,

79 1615 82 1624 ¹
209 1607 319 1681 quam
344 1607 429 1655 cum
450 1608 494 1656 eo
517 1581 668 1672 laetam,
687 1608 829 1656 summa
851 1583 925 1658 fide
949 1588 1180 1660 custodiente
1200 1615 1298 1675 nec7

208 1693 304 1767 bella
333 1719 417 1768 eum
451 1700 700 1767 Romanorum
730 1697 843 1794 magis
872 1695 979 1786 odio,
1007 1722 1116 1796 quam
1148 1703 1271 1800 patriae

208 1831 331 1879 amore
348 1808 512 1905 gessisse,
526 1808 585 1878 cui
603 1805 651 1878 ab
673 1810 814 1907 optimo
829 1834 978 1908 quoque
996 1812 1105 1882 etiam
1124 1815 1272 1912 spiritns

209 1920 287 2017 ipse
305 1916 490 1992 debeatur.
508 1926 583 1992 Has
600 1920 700 1992 enim
718 1919 882 2018 publicas
892 1925 988 1993 inter
1005 1922 1178 2022 populos,
1193 1950 1271 1996 non

209 2031 364 2128 privatas
380 2031 476 2102 inter
495 2028 624 2118 duces,
640 2028 803 2102 bellandi
819 2057 961 2104 caussas
977 2057 1064 2105 esse.
1074 2063 1092 2100 a
1106 2033 1198 2108 Inde
1214 2055 1301 2108 resa

209 2156 326 2238 gestas
348 2142 424 2240 ejus
445 2140 598 2214 laudare.
621 2143 788 2232 Quorum
811 2167 981 2214 sermone
1004 2142 1126 2232 laetns,
1142 2149 1272 2243 saepius

211 2252 450 2352 cupidiusque
465 2275 549 2322 cum
563 2251 685 2349 legatis
700 2251 986 2350 colloquebatur,
996 2255 1158 2350 ignarus,
1172 2257 1273 2352 quod

184 2357 189 2373 '
210 2361 446 2436 familiaritate
465 2367 629 2434 Romana
642 2361 767 2434 odium
783 2362 853 2434 sibi
869 2361 967 2460 apud
983 2386 1104 2461 regem
1124 2379 1271 2436 crearet.

116 2461 121 2468 ²
209 2476 353 2574 Quippe
372 2472 573 2546 Antiochus
590 2485 664 2542 tam
684 2469 839 2544 adsiduo
856 2472 1040 2571 colloquio
1060 2475 1301 2554 reconcilia-u

209 2599 283 2657 tam
301 2587 377 2681 ejus
399 2609 483 2657 cum
504 2585 676 2656 Romanis
694 2583 847 2680 gratiam
866 2583 1095 2672 existimans,
1113 2584 1206 2656 nihil
1226 2587 1273 2656 ad

211 2722 310 2786 eum,
322 2699 428 2768 sicuti
445 2693 598 2782 solebat,
613 2691 768 2782 referre3
781 2707 1037 2792 expertemque
1052 2696 1163 2767 totius
1182 2721 1272 2767 con-

211 2805 415 2894 silii,veluti
426 2804 569 2878 hostem
581 2803 877 2904 proditoremque
888 2829 1010 2894 sunm,
1022 2804 1139 2878 odisse
1152 2810 1272 2908 coepit.

210 2919 299 3007 Quae
311 2942 370 2988 res
382 2931 523 2988 tantum
534 2915 747 3014 adparatum
758 2914 1031 3004 belli,cessente
1042 2921 1273 3018 imperatoria

212 3042 306 3115 arte,
323 3029 494 3125 corrupit.
509 3031 660 3098 Senatus
675 3027 845 3098 mandata
860 3025 1021 3112 fuerant,
1033 3059 1051 3096 α
1064 3044 1105 3100 ut
1120 3048 1272 3104 conten·
1288 3058 1319 3096 ¹0

211 3152 272 3208 tus
297 3137 460 3208 terminis
485 3138 573 3208 Asiae
597 3153 708 3225 esset,
729 3163 778 3208 ne
800 3139 885 3239 ipsis
906 3140 1133 3239 ingrediendi
1154 3146 1276 3237 Asiam¹

214 3251 464 3340 necessitatem
488 3251 730 3346 imponeret.»
753 3248 894 3338 Quibus
917 3253 1065 3348 spretis,
1083 3278 1161 3323 non
1180 3256 1272 3324 acci-

213 3360 388 3459 piendum
396 3358 540 3436 bellum
557 3361 697 3447 statuit,
713 3358 778 3430 sed
793 3358 1035 3431 inferendum.

214 3515 308 3569 blicam.
326 3517 364 3568 Ut
381 3516 496 3587 probent
515 3515 640 3568 Romanis
653 3533 725 3568 rem—
766 3515 1271 3591 utrumqnedieimmonvenireqm

213 3596 405 3666 publieamnon
411 3613 467 3648 esse
473 3594 604 3647 consciam
609 3593 725 3647 criminis
766 3595 840 3647 etad
850 3612 928 3666 quem.

214 3673 437 3727 munuum.
801 3669 1275 3744 summumsmaquu.

250 3759 275 3814 4.
285 3754 388 3803 domani
398 3771 519 3825 quoque...
528 3747 621 3819 legam
633 3753 724 3802 misera.
766 3769 819 3822 que
830 3749 913 3820 antiq.
924 3749 1030 3802 latinius
1043 3767 1095 3802 cum
1108 3751 1253 3804 Hannibale.

215 3829 293 3883 Conl.
308 3831 367 3884 Liv.
382 3829 499 3894 XXXV,
518 3829 565 3893 13,
580 3834 611 3893 6,
628 3841 655 3881 et
667 3846 724 3900 cap.
801 3832 827 3882 8.
840 3834 952 3898 Ignarus,
965 3828 1038 3900 quod.
1051 3831 1089 3880 Ut
1103 3830 1191 3896 XXV,
1205 3849 1234 3899 1,
1247 3853 1277 3903 7,

199 3951 203 3958 .
217 3916 259 3974 14,
267 3927 317 3962 nec
326 3926 380 3961 non
389 3905 726 3980 eap.19,Cornel.XllllI,
767 3925 925 3979 quamquam
936 3919 963 3960 et
976 3909 1029 3960 hoc
1041 3908 1102 3962 loco
1114 3910 1182 3981 quod
1191 3913 1277 3983 expli·

219 4005 289 4040 1.-
301 3989 379 4042 Anno
392 3987 472 4040 Urbis
486 3989 545 4056 ⁵⁵9.
768 4005 827 4039 care
853 4000 929 4057 potes
952 3986 1040 4058 quale,
1066 3987 1140 4060 quod
1163 3992 1279 4056 inuuunt

252 4067 278 4120 5.
304 4066 354 4120 Aa.
383 4065 458 4120 Hanc
484 4066 606 4119 voculam
630 4063 729 4116 omittit
769 4062 842 4118 Med.
855 4063 1192 4141 etAld.‚qoudmtqutd.

217 4143 312 4199 Aldina
332 4144 435 4214 editio,
466 4145 550 4212 bene,
571 4161 729 4216 quamquam
808 4162 849 4200 ιο.
862 4147 936 4203 ota.
951 4144 1109 4218 Superioris.
