2967 4684
348 393 730 468 HISTORIARUM
755 393 915 466 LIBER
939 400 1067 467 xxll.
1166 395 1237 470 353
1343 415 1348 436 ¹

178 515 274 593 dere.
287 524 401 590 Porro
416 515 577 590 defectus
590 516 807 588 naturalium
823 518 983 592 siderum
1000 544 1139 618 semper
1151 535 1266 621 prae-3

176 644 318 702 sentem
336 652 459 698 rerum
480 641 612 699 statum
635 642 796 717 mutare;
821 645 1033 729 certumque
1056 655 1152 719 esse,
1172 631 1238 704 flo-

178 739 344 812 rentibus
359 737 708 834 Carthaginiensium
724 737 871 836 opibus‚
886 739 1115 837 adversisque
1130 739 1240 813 rebus
1340 736 1346 742 ’

179 850 272 935 suis,
285 850 607 921 commutationem
621 845 825 945 significari.
835 879 853 914 a
868 851 924 920 Sic
939 849 1133 924 consolatis
1149 852 1269 926 mili-a

178 957 293 1048 tibus,
303 959 490 1030 universas
501 981 626 1046 naves,
639 960 891 1030 consentiente
905 963 1080 1049 exercitu,
1091 959 1245 1034 incendi

176 1067 300 1166 jubet,
323 1083 366 1139 ut
393 1093 520 1140 omnes
545 1069 697 1158 scirent,
719 1069 851 1141 auxilio
875 1068 966 1167 fugae
992 1070 1156 1157 ademto,
1181 1087 1242 1144 aut

179 1179 418 1269 vincendum,
433 1194 495 1251 aut
511 1180 742 1252 moriendum
762 1205 848 1251 esse.
867 1180 1009 1252 Deinde
1032 1207 1147 1278 quum
1168 1197 1269 1253 oms

182 1292 261 1379 nia,
280 1315 499 1387 quacunque
519 1290 813 1388 ingrederentur,
830 1307 1123 1388 prosternerent,
1140 1294 1242 1365 villas

182 1400 395 1499 castellaque
411 1399 672 1488 incenderent,
686 1399 816 1473 obvius
829 1404 880 1472 eis
893 1400 963 1471 fuit
978 1427 1061 1472 cum
1075 1429 1146 1473 xxx
1162 1403 1243 1472 mil·

181 1509 277 1584 libus
299 1515 495 1582 Poenorum
517 1517 678 1583 Hanno:
701 1511 765 1582 sed
788 1512 911 1610 praelio
934 1515 1146 1600 commisso,
1168 1513 1272 1586 duos
1389 1565 1395 1575 -

160 1711 165 1720 .
182 1621 228 1692 de
251 1620 393 1710 Siculis,
408 1623 476 1693 tria
492 1619 602 1692 millia
621 1620 666 1692 de
683 1625 805 1694 Poenis
825 1647 909 1694 cum
930 1625 1008 1723 ipso
1028 1624 1122 1696 duce
1145 1628 1245 1696 ceci-

182 1731 279 1805 dere.
301 1739 377 1805 Hac
397 1735 549 1804 victoria
569 1748 607 1804 et
626 1733 829 1805 Siculorum
851 1737 963 1805 animi
984 1736 1191 1833 eriguntur,
1209 1748 1274 1821 et7

183 1848 380 1916 Poenorum
407 1841 635 1942 franguntur.
664 1841 905 1942 Agathocles,
926 1847 1030 1917 victis
1057 1843 1275 1935 hostibus,a

182 1954 292 2026 urbes
309 1953 537 2053 „castellaque
569 1970 770 2053 expugnat,
796 1955 934 2054 praedas
961 1958 1127 2053 ingentes
1155 1959 1247 2054 agit,

183 2064 342 2138 hostium
356 2064 471 2136 multa
481 2065 592 2136 millia
606 2066 771 2137 trucidat.
781 2071 906 2138 Castra
917 2066 1049 2138 deinde
1062 2069 1102 2137 in
1118 2071 1277 2163 quintos

184 2174 301 2273 lapide
320 2198 341 2245 a
362 2172 578 2271 Carthagine
602 2177 745 2264 statuit,
763 2189 805 2246 ut
827 2176 960 2247 damna
985 2178 1247 2248 rarissimarum

185 2311 324 2374 rerum,
347 2287 621 2382 vastitatemque
646 2309 831 2384 agrorum,
846 2300 883 2356 et
898 2284 1066 2355 incendia
1082 2284 1248 2354 villarum

187 2397 234 2468 de
253 2399 364 2468 muris
374 2397 495 2496 ‚ipsius
522 2395 622 2466 urbis
645 2395 928 2494 specularentur.
950 2401 1096 2466 Interea
1119 2397 1249 2491 ingens
1265 2430 1295 2462 ιο

187 2522 264 2578 tota
283 2505 399 2578 Africa
418 2505 526 2576 deleti
544 2509 741 2576 Poenorum
763 2509 941 2577 exercitus
959 2503 1070 2594 sarna,
1087 2529 1251 2604 occupa-

186 2633 378 2715 tarumque
401 2615 567 2704 urbium,
585 2615 799 2713 divulgatur.
817 2621 951 2713 Stupor
972 2619 1095 2713 itaque
1120 2640 1250 2687 omnes
1267 2648 1295 2681 ιι

188 2743 224 2799 et
239 2728 429 2828 admiratio
446 2729 611 2816 incessit,
627 2725 728 2798 unde
752 2741 853 2799 tanto
876 2729 1029 2824 imperio
1053 2743 1126 2799 tam
1151 2727 1251 2798 subi·

186 2855 266 2910 turn
284 2838 439 2926 bellum,
453 2839 650 2937 praesertim
665 2837 711 2910 ab
725 2837 831 2910 hoste
843 2839 916 2933 jam
930 2838 1046 2908 victo:
1062 2833 1250 2908 admiratio

189 2950 321 3023 deinde
347 2950 532 3048 paullatim
554 2952 594 3020 in
619 2964 844 3021 contemtum
868 2951 1065 3019 Poenorum
1091 2951 1251 3020 vertitur.

188 3065 264 3134 Nec
281 3062 397 3133 multo
413 3076 495 3159 post
511 3085 589 3131 non
609 3058 683 3132 afri
702 3075 861 3147 tantum,
875 3083 1000 3130 verum
1017 3061 1124 3129 etiam
1142 3058 1252 3129 urbes
1267 3091 1298 3131 ιι

189 3170 438 3254 nobilissima,
451 3172 648 3242 novitatem
662 3185 840 3266 sequuta,
852 3169 898 3240 ad
911 3167 1143 3266 Agathoclem
1156 3167 1253 3239 dele·

69 3341 80 3356 .
190 3305 289 3369 cere;
300 3279 559 3378 frumentoque
575 3295 611 3350 et
627 3279 809 3377 stipendio
825 3281 1001 3351 victorem
1016 3282 1228 3352 instruxere.

239 3397 313 3464 Vll.
338 3395 400 3470 His
425 3397 621 3464 Poenorum
649 3391 752 3479 malis
777 3393 883 3462 etiam
910 3390 1049 3463 deletus
1074 3394 1113 3460 in
1138 3389 1280 3460 Sicilia1

193 3529 276 3610 cum
293 3507 511 3604 imperatore
530 3503 722 3591 exercitus,
736 3502 834 3574 velut
849 3501 996 3598 quidam
1012 3490 1255 3572 aerumnarum
1271 3545 1281 3564 .

229 3715 255 3768 3.
268 3712 431 3765 Naturalium.
451 3711 535 3766 Faber
546 3711 646 3764 mavult
660 3729 705 3761 aa·
782 3712 808 3762 6.
822 3711 878 3761 nia
892 3707 973 3759 millia.
988 3706 1087 3759 Confer
1096 3703 1176 3758 Diod.
1188 3706 1257 3774 XX,

194 3793 294 3856 rurales,
309 3804 339 3844 ut
358 3793 411 3844 sint
429 3790 546 3844 delectus
560 3789 706 3854 naturales,
748 3795 834 3856 9-ι4,
857 3786 902 3839 ubi
928 3803 986 3856 cap.
1012 3785 1059 3847 13,
1080 3782 1204 3838 cecidisse
1225 3805 1257 3842 ex

194 3889 249 3924 non
263 3869 347 3923 sidera
357 3870 492 3922 naturalia.
749 3867 845 3920 Graecis
866 3863 931 3916 dicit
953 3863 1100 3926 ducentos,
1120 3881 1152 3915 ex
1173 3865 1258 3920 Pnnil

230 3953 255 4003 ⁵.
268 3956 453 4000 Prostemererrt.
467 3949 616 4018 Tempestatis
622 3949 705 4007 instar,
748 3957 835 3996 eutem
851 3943 930 3993 mille.
947 3971 981 3980 -
996 3943 1075 3992 Anno
1092 3942 1172 3994 Urbis
1194 3962 1257 3997 con·

2 4055 3 4064 ¹
114 4079 117 4084 ,
198 4023 708 4092 utVl,a,16,etllll,4,r.Non
749 4020 881 4084 diretta.

198 4118 253 4158 erat
267 4105 362 4176 igitur,
374 4122 421 4158 cur
432 4104 551 4157 Gravius
562 4121 594 4155 ex
604 4099 710 4165 XXlV,
788 4117 828 4151 ια.
841 4097 921 4149 Urbes.
934 4097 1008 4149 Urbes
1017 4097 1148 4150 rihmarioe
1154 4099 1258 4164 Aldina,

202 4191 235 4250 l,
248 4187 282 4252 6,
293 4183 382 4238 mallet
388 4193 543 4255 protererent.
750 4177 874 4241 Iuntina,
886 4189 916 4228 ut
926 4195 983 4254 cap.
997 4196 1029 4250 7,
1041 4177 1066 4230 ³.

1067 4275 1110 4346 23
