2967 4684
221 302 290 374 230
521 334 532 347 ·
594 378 596 382 ,
641 311 660 379 J
668 310 849 381 USTINI

222 451 293 523 que
320 452 432 525 quum
461 427 661 500 Alexander
676 433 858 518 ¹venisset,
885 427 1089 526 conspectis
1113 428 1273 515 armatis,

221 538 375 609 invicem
393 562 430 609 se
448 539 634 637 amplexae,
650 541 749 613 velut
765 543 884 613 statim
899 542 1098 627 moriturae,
1116 539 1274 637 complo-

177 652 397 730 strationem
409 649 611 723 ediderunt.
621 653 822 725 Provolutae
833 650 963 723 deinde
972 650 1126 749 genibus
1134 648 1277 721 Alexan·

224 759 297 848 dri,
320 785 395 831 non
421 777 594 851 mortem,
617 762 678 834 sed
703 764 791 835 dum
812 766 911 834 Darii
932 786 1064 861 corpus
1086 759 1277 857 sepeliant,

179 887 210 941 ιε
224 869 434 942 dilationem
446 876 571 943 mortis
583 873 833 973 deprecantur.
845 878 966 945 Motus
978 886 1077 943 tanta
1087 870 1277 942 mulierum

224 981 355 1076 pietate
375 981 592 1072 Alexander,
607 998 643 1055 et
658 988 806 1057 Darium
819 985 937 1056 vivere
950 982 1058 1070 dixit,
1070 997 1107 1054 et
1122 982 1280 1053 timenti-

225 1088 294 1161 bus
312 1095 439 1163 mortis
460 1108 596 1165 metum
616 1094 764 1183 demsit,
780 1119 912 1192 easque
932 1092 1058 1165 haberi
1077 1107 1119 1163 ut
1138 1096 1281 1189 reginas

181 1216 212 1267 m
226 1202 403 1297 praecepit.
417 1202 520 1275 Filias
535 1225 680 1300 quoque
697 1230 774 1277 non
791 1203 969 1276 sordidius
985 1202 1154 1301 dignitate
1170 1207 1282 1301 patris

226 1333 370 1406 sperare
385 1315 655 1386 matrimonium
669 1317 783 1411 jussit.

199 1456 211 1489 ι
276 1426 318 1491 Χ.
339 1426 422 1494 Post
444 1422 521 1495 haec
539 1450 627 1523 opes
644 1429 762 1513 Darii,
777 1424 1056 1522 divitiarumque
1072 1422 1283 1521 adparatum

228 1533 515 1631 contemplatus,
543 1535 780 1607 admiratione
798 1552 979 1609 tantarum
995 1560 1117 1607 rerum
1135 1537 1282 1633 capitur.

200 1645 330 1713 2Tnnc
349 1646 505 1739 primum
524 1645 704 1717 luxuriosa
724 1649 908 1734 convivia,
924 1662 960 1717 et
980 1642 1284 1742 magnificentiam

229 1750 416 1846 epularmn
441 1758 566 1825 sectari
588 1784 595 1825 :
617 1770 705 1827 tunc
731 1759 913 1829 Barsinem
939 1757 1116 1855 captivam
1139 1754 1284 1851 diligere

201 1874 380 1959 spropter
403 1859 525 1935 lormae
549 1866 856 1964 pulchritudinem
879 1871 1047 1967 coepitd
1070 1892 1142 1963 qua
1162 1880 1285 1965 postea

202 1987 436 2069 tsusceptum
457 2001 610 2074 puerum
628 1979 819 2051 Herculem
838 1982 985 2051 vocavit.
1003 1983 1145 2051 Memor
1166 1992 1286 2047 tamen

230 2081 350 2153 adhuc
368 2089 515 2157 Darium
533 2092 670 2179 vivere,
685 2092 961 2162 Parmenionem
977 2088 1023 2160 ad
1039 2086 1287 2185 occupandam

166 2256 168 2261 ,
233 2194 410 2264 Persicam
442 2198 611 2289 classem,
637 2202 796 2299 aliosque
825 2202 960 2273 amicos
990 2199 1037 2271 ad
1066 2196 1288 2296 recipiendas

206 2322 222 2373 5
235 2308 323 2373 Asiae
340 2308 500 2379 civitates
513 2314 626 2400 misit;
639 2338 717 2409 quaa
729 2317 863 2403 statim,
874 2314 995 2385 audita
1008 2309 1102 2382 lama
1114 2309 1289 2394 victoriae,

234 2417 321 2510 ipsis
333 2418 430 2487 Darii
446 2418 623 2517 praefectis
637 2448 720 2495 curn
734 2428 810 2495 auri
823 2449 956 2522 magno
971 2423 1133 2521 pondere
1146 2418 1291 2491 traden-

207 2522 332 2594 otibus
352 2550 411 2614 se,
432 2531 471 2598 in
494 2546 706 2627 potestatem
728 2538 906 2606 victorum
926 2545 1114 2603 venerunt.
1127 2534 1229 2601 Tunc
1250 2531 1290 2597 in

236 2636 374 2725 Syriam
393 2638 660 2733 proficiscitur:
678 2644 742 2716 ubi
764 2646 890 2717 obvios
913 2668 996 2714 cnm
1018 2639 1139 2711 insulis
1157 2637 1291 2709 multos

209 2748 395 2825 70rient'1s
413 2775 514 2847 reges
535 2752 670 2826 habuit.
687 2742 739 2826 Ex
757 2756 814 2827 his
831 2780 898 2854 pro
915 2754 1051 2823 meritis
1068 2748 1291 2848 singulorum

276 2922 316 2976 14.
342 2920 398 2967 Non
417 2930 527 2983 mom,
545 2922 591 2972 sed
609 2922 748 2976 dilationem
787 2923 831 2977 eie
846 2918 1050 2989 ὑμῶὅκόὅσως
1063 2924 1160 2983 filtrum
1178 2914 1222 2976 rit
1238 2938 1293 2971 n·

238 2992 481 3066 manisdeprecuntur
497 3000 586 3052 lnhoc
594 3003 653 3053 loco
661 3015 748 3074 potest
787 3003 840 3071 epit
855 3004 919 3069 ὖμὸι
934 3007 1032 3070 κρίσιος
1045 2998 1218 3070 spiriteum.

239 3071 372 3123 observari
379 3073 445 3127 illud
451 3076 607 3149 deprecando
612 3080 747 3133 indiverso
823 3079 859 3131 X.
872 3099 895 3131 a.
907 3084 1037 3131 Barsinem.
1057 3079 1162 3131 Scilicet
1175 3073 1295 3127 Armbazi

239 3149 430 3219 significatione
459 3170 573 3209 sumtum
601 3176 664 3211 esec.
694 3160 749 3224 Qui
788 3156 1179 3223 fitiammtemnonirviduam,
1193 3166 1295 3225 captam

239 3228 311 3280 enim
324 3242 435 3283 mortem
448 3230 611 3303 deprecatur,
621 3248 689 3300 orat,
701 3256 748 3303 ne,
789 3249 864 3307 cepta
880 3238 1022 3301 Damasco,
1038 3234 1168 3287 referente
1183 3234 1293 3284 mnne

239 3306 289 3358 sibi
300 3326 371 3359 mors
382 3306 527 3376 adientium
536 3313 581 3382 qui
593 3311 750 3384 deprecatur
789 3328 817 3367 et
825 3315 973 3366 Plutarcho.

240 3382 406 3451 diletionem,
417 3401 487 3452 orat,
497 3401 522 3439 ut
530 3388 621 3442 dilatio
629 3391 677 3443 sibi
687 3410 750 3444 con·
824 3394 849 3446 3.
865 3399 895 3443 A.
910 3394 993 3445 Gron.
1005 3408 1068 3442 avus
1080 3400 1150 3440 recte
1160 3386 1261 3439 mavult
1271 3405 1294 3437 e.

240 3461 357 3515 cedatur.
370 3464 435 3515 ldeo
449 3468 606 3534 ltongarsius
620 3487 670 3539 pro
686 3488 749 3521 mor-
823 3475 849 3523 6.
863 3476 893 3521 In
906 3472 1005 3541 Syriam.
1022 3470 1055 3519 In
1071 3468 1173 3537 Syriam
1188 3464 1296 3518 demum

241 3552 287 3593 tem
304 3544 412 3613 conjicit
428 3547 516 3607 otiam,
538 3544 688 3599 existimans
706 3548 749 3598 de·
789 3546 967 3601 Alexandrum
979 3546 1126 3617 proiectum
1138 3557 1224 3597 umet
1235 3545 1297 3597 Dio·

237 3626 334 3687 precari
346 3622 373 3673 h.
387 3622 404 3673 l.
418 3640 472 3673 esse
484 3624 558 3673 valde
565 3628 670 3695 precari.
685 3644 730 3679 nn.
789 3626 848 3679 dor.
865 3625 965 3690 xt'lt,
982 3626 1029 3688 53,
1043 3624 1116 3696 Tyro
1134 3636 1296 3696 expugnata,

281 3701 319 3751 15.
343 3700 442 3753 Haberi.
466 3706 500 3753 Et
523 3702 623 3754 sufflari
650 3702 751 3763 addunt
791 3708 907 3777 AEgypto
923 3716 1042 3775 recepta,
1056 3704 1131 3756 Jovis
1148 3702 1296 3755 Hammonii

241 3775 331 3844 plures
344 3780 420 3831 MSS.
434 3790 460 3833 et
473 3777 534 3831 edd.
549 3781 629 3851 antiq.
791 3784 898 3835 oraculo
907 3783 1025 3848 salutato,
1034 3794 1060 3835 et
1069 3781 1230 3835 Alexandrioe
1239 3782 1297 3833 inn-

281 3858 320 3905 16.
334 3858 407 3909 Filias
420 3878 540 3930 quoque...
548 3861 631 3928 jussit.
645 3860 686 3911 Ne
694 3878 751 3913 sot·-
790 3860 914 3915 &mento
933 3864 1006 3936 jacto
1025 3880 1075 3933 per
1096 3880 1179 3914 annos
1200 3868 1248 3923 ⁴²²
1271 3871 1298 3911 ‘t

242 3928 752 4011 didius,inquit,quampatrisvestridig·
792 3941 1021 3999 lad-Obvius...
1034 3940 1125 3992 imbuit.
1139 3942 1171 3992 In
1184 3939 1225 3991 his
1236 3936 1298 3989 Jad-
1347 3974 1352 3981 -

242 4007 752 4087 nitaspostulet,matrimoninmspemte;
791 4018 869 4083 dum,
883 4036 1014 4071 summurn
1026 4018 1177 4072 Judaeorum
1188 4014 1296 4089 pontifi·

244 4090 310 4157 sire,
322 4103 365 4155 nt,
381 4092 513 4149 Diodorus
527 4096 624 4156 xvtt.
639 4098 686 4159 38,
699 4096 751 4149 ait:
791 4092 1295 4167 cem,namntcloscphodntiq.Xl,8.
