2967 4684
375 336 760 447 nrsronmuuu
783 377 945 446 mrsu
970 379 1110 446 xmv.
1214 375 1283 474 527

217 499 402 585 cruciatis,
413 523 500 568 mox
515 499 621 568 etiam
636 495 762 567 suibus
776 495 920 592 objecit.
934 504 1062 597 Itaque
1076 525 1190 598 quum
1205 514 1314 573 nont

215 609 332 680 solum
347 633 425 680 non
442 623 653 690 noceretur,
668 631 794 678 verum
813 611 921 678 etiam
943 611 1171 707 quarundam
1195 611 1286 684 ube-

214 720 317 792 ribus
335 721 504 810 aleretur,
526 720 571 792 ad
591 719 758 790 ultimum
776 720 816 787 in
837 723 1022 791 Oceanum
1042 721 1150 818 abjici
1168 724 1284 819 jussit.

214 833 306 902 Tum
323 831 431 930 plane
449 828 641 901 manifesto
658 827 817 925 quodam
835 833 988 902 numine
1006 834 1103 904 inter
1118 832 1314 908 furentes7

213 955 336 1029 aestus,
349 965 391 1011 ac
405 942 673 1038 reciprocantes
684 937 926 1026 undas,velut
945 966 1052 1032 nave,
1072 969 1150 1014 non
1168 944 1284 1017 fluctu

213 1049 424 1131 veheretur,
443 1049 517 1121 leni
541 1049 615 1122 salo
637 1051 677 1120 in
699 1048 805 1120 litore
828 1051 1051 1147 exponitur:
1073 1079 1143 1126 nec
1164 1055 1282 1126 multo

212 1175 296 1260 post
315 1187 422 1233 cerva
444 1159 574 1248 adluit,
595 1183 674 1257 quae
697 1157 810 1230 ubera
831 1159 982 1257 parvulo
1007 1160 1167 1234 offerret.
1187 1165 1312 1236 ludes

211 1270 387 1368 denique,
403 1272 677 1342 conversatione
694 1270 865 1357 nutricis,
878 1272 1008 1342 eximia
1026 1297 1141 1369 puero
1159 1277 1281 1372 perni-

211 1383 300 1452 citas
322 1379 409 1470 suit3
429 1383 597 1478 interque
614 1404 805 1452 cervorum
823 1405 947 1477 greges
967 1374 1029 1453 diu
1049 1400 1196 1455 montes
1216 1386 1283 1458 sal-

209 1507 353 1590 tusque,
364 1492 462 1564 haud
475 1491 627 1564 inferior
637 1491 837 1579 velocitate,
846 1496 1054 1591 peragravit.
1070 1493 1124 1564 Ad
1137 1511 1277 1592 postre-
1292 1516 1309 1568 9

208 1627 310 1674 mum
338 1603 467 1701 laqueo
496 1619 642 1703 captus,
662 1605 737 1702 regi
762 1603 862 1674 dono
888 1603 993 1675 datus
1017 1619 1081 1676 est.
1110 1610 1217 1678 Tunc
1242 1624 1280 1680 et
1334 1619 1342 1635 '

207 1711 513 1786 lineamentorum
540 1713 774 1785 similitudine
799 1729 836 1784 et
861 1716 960 1786 notis
985 1721 1174 1814 corporis,
1198 1745 1278 1818 quae

206 1823 336 1896 inustae
360 1824 509 1924 parvulo
531 1823 692 1912 fuerant,
712 1849 829 1923 nepos
851 1829 1005 1924 agnitus.
1028 1828 1278 1904 Admiratione
1290 1845 1323 1882 ¹⁰

206 1933 338 2007 deinde
363 1951 419 2008 tot
442 1962 591 2009 casuum
614 1935 954 2035 periculorumque,
969 1938 1017 2009 ab
1041 1940 1170 2012 eodem
1198 1967 1278 2014 suc·

205 2069 327 2118 cessor
346 2050 451 2144 regni
470 2046 680 2118 destinatur.
701 2050 847 2119 Nomen
869 2047 919 2118 illi
936 2052 1147 2147 impositum
1165 2053 1276 2124 Habi·
1290 2071 1319 2106 ¹¹

205 2155 281 2228 dist
298 2161 362 2254 qui
377 2172 420 2228 ut
434 2181 589 2254 regumn
610 2159 767 2255 accepit,
785 2172 892 2229 tantae
910 2161 1169 2255 magnitudinis
1186 2159 1275 2251 tuit,

203 2281 336 2338 utnon
353 2265 485 2338 lnrstra
504 2271 665 2337 Deorum
678 2268 862 2362 majestate
877 2282 932 2339 tot
945 2268 1115 2366 periculis
1128 2286 1275 2367 ereptus

203 2365 408 2446 videretur:
424 2377 560 2474 quippe
578 2374 777 2447 barbarum
797 2379 975 2477 populum
988 2378 1127 2475 legibus
1136 2382 1274 2476 junxit3

204 2500 240 2557 et
265 2483 377 2557 bores
401 2489 539 2586 primus
563 2501 683 2555 aratro
709 2485 869 2573 domari,
892 2486 1147 2585 frumentaque
1171 2490 1273 2562 sulco

205 2620 366 2696 quaerere
384 2597 526 2684 docuit3
540 2607 577 2666 et
590 2619 634 2666 ex
652 2598 779 2693 agresti
799 2595 886 2666 cibo
899 2599 1044 2668 mitiora
1059 2601 1171 2689 vesci,
1186 2601 1272 2672 odio

203 2732 347 2796 eorum,
361 2735 441 2806 quae
459 2709 535 2805 ipse
549 2731 674 2805 passus
688 2704 823 2788 suerat,
834 2705 1002 2781 homines
1017 2711 1143 2805 coegit.
1157 2712 1272 2804 Hujus
1285 2731 1316 2765 ¹²

203 2845 305 2891 casus
324 2817 479 2892 fabulosi
494 2818 723 2906 viderentur,
742 2820 812 2888 nisi
825 2833 862 2889 et
875 2825 1127 2891 Romanorum
1142 2823 1272 2893 eondi-

201 2933 299 3002 tores
311 2929 398 3027 lupa
411 2930 555 3017 nutriti,
566 2943 603 2999 et
616 2933 752 3025 Cyrus,
763 2953 828 2998 rex
842 2931 1049 3018 Persarum,
1061 2955 1152 3002 cane
1165 2932 1271 3005 alitus

201 3038 430 3137 proderetur.
447 3037 501 3110 Ab
520 3037 593 3109 hoc
612 3054 649 3110 et
669 3041 871 3111 ministeria
894 3040 1036 3113 servilia
1057 3042 1196 3141 populo
1214 3045 1270 3115 in·
1284 3049 1316 3104 1³

235 3213 261 3262 6.
283 3211 424 3265 Noeeretur.
444 3211 548 3283 Supple
565 3214 604 3274 εἰς
623 3213 713 3266 malim
792 3235 832 3268 ra.
850 3223 919 3288 lupa
937 3219 1029 3270 nutriti
1052 3217 1163 3284 xttll,
1182 3240 1213 3285 a,
1234 3223 1270 3288 ὅς

200 3301 289 3342 tenen
302 3307 363 3342 eum
376 3291 450 3343 lunt.
463 3301 491 3342 et
503 3289 563 3343 ΑΗ.
577 3303 710 3355 necarem,
753 3293 812 3345 Liv.
831 3295 862 3356 l,
881 3302 914 3359 43
932 3295 1065 3348 Plutarch.
1083 3297 1113 3347 in
1129 3297 1209 3350 Rtnn.
1225 3297 1268 3364 V3

200 3381 245 3421 tut
263 3387 325 3421 cum
343 3367 406 3422 edd.
427 3377 443 3432 4
463 3383 517 3422 ent.
539 3382 649 3422 nocerent
669 3371 712 3440 (ei
754 3371 832 3443 Virg.
846 3373 1089 3439 AEn.v111,630:
1123 3417 1126 3423 ,

200 3465 278 3500 “m
290 3458 316 3498 a
329 3451 414 3516 ‘ml'
753 3485 926 3525 recensuerint
935 3489 1000 3526 hum
1008 3485 1196 3525 maronianum

237 3545 278 3580 u.
289 3531 464 3600 mapa
476 3527 544 3579 sulco
552 3547 657 3602 qnaenn
665 3530 712 3583 do·
752 3547 877 3587 rmum
885 3548 1108 3599 upmmtmsne
1117 3549 1174 3587 nter·
1182 3549 1254 3590 tem

199 3608 257 3658 enit.
270 3605 367 3678 virgil.
382 3606 482 3677 Georg.
495 3605 526 3671 1,
542 3608 608 3662 133:
753 3610 828 3650 tuden
838 3612 1062 3664 mmmm
1070 3610 1246 3713 Muzuc·

199 3699 295 3740 uenite
304 3714 348 3740 usna
357 3701 467 3740 meditando
474 3703 589 3742 estenderet
601 3714 652 3744 nrten
753 3673 888 3725 hwl‘h'm

199 3763 711 3818 hullet'nnmtmlcislnmentiqnereretherbmn.
753 3769 821 3822 plin,
838 3767 925 3834 VIII,
939 3788 993 3839 17:
1013 3775 1072 3838 Qua
1084 3770 1116 3820 de
1134 3769 1269 3836 infantibus

199 3869 234 3880 —
244 3847 285 3893 Er
301 3842 363 3894 cibo.
380 3844 443 3895 Post
460 3844 549 3896 cibum
568 3861 710 3918 agrestem,
753 3850 815 3899 lacte
832 3852 940 3910 nutritis,
962 3867 1034 3920 quarm
1053 3860 1133 3899 essent
1148 3853 1265 3920 expositi,

198 3935 255 3990 quo
264 3919 401 3992 hucusque
412 3921 458 3974 ulti
467 3921 570 3976 firmam
577 3963 584 3987 ,
592 3930 659 3977 vesci
669 3931 712 3978 mi·
752 3928 889 3991 truduntur,
898 3931 961 3978 sicut
969 3927 1171 3979 &conditoribus
1179 3933 1267 3981 uosvis

198 4003 273 4062 dora,
297 3999 427 4052 mitioribus
444 4001 517 4072 quod
541 4003 619 4056 habet
641 4023 711 4058 unus
752 4009 850 4078 alapa,
869 4008 1031 4077 magnitudini
1041 4007 1151 4072 satorum
1170 4019 1270 4080 accepto

198 4075 272 4142 cod,
284 4089 329 4130 aut
337 4079 485 4148 melioribus,
498 4081 571 4153 quod
585 4083 712 4138 exhibent
745 4085 813 4151 ferri
830 4089 933 4158 aequiter,
947 4105 1018 4159 quam
1030 4087 1140 4152 seronem
1157 4100 1265 4150 παραυ,

199 4152 260 4208 edd.
277 4158 359 4210 Sant.
753 4165 864 4217 arbitror.
887 4183 934 4222 nn.
953 4195 987 4208 -
1004 4170 1090 4238 Cym.
1107 4166 1142 4232 1,
1160 4173 1195 4232 4,
1217 4181 1266 4230 1⁰3
