2967 4684
366 419 747 490 HISTORIARUM
771 423 931 494 LIBER
955 428 1082 522 XXII.
1182 425 1248 500 351

195 537 321 612 Africae
337 537 442 613 litore
458 545 636 633 exercitu,
651 543 842 614 consilium
861 570 967 617 suum
983 545 1153 618 omnibus
1170 573 1253 648 ape·

192 652 250 722 rit.
262 654 345 742 Quo
359 655 398 722 in
412 651 496 725 loco
511 659 690 751 Syracusae
704 657 828 754 positae
842 657 930 746 sint,
940 657 1101 729 ‘ostendit
1115 686 1123 728 :
1137 688 1155 724 ι(
1168 661 1279 749 Qui-3

193 761 262 832 bus
276 762 374 834 aliud
390 763 530 836 nullum
545 765 716 836 auxilium
734 782 953 864 superesset,
967 792 1074 865 quam
1088 784 1129 839 ut
1142 767 1251 843 hosti·

193 871 262 944 bus
281 870 434 962 faciant,
453 899 532 973 quoe
550 877 618 973 ipsi
637 877 835 976 patiantun
846 879 990 977 Quippe
1012 879 1114 950 aliter
1132 879 1229 951 domi
1240 898 1279 969 ,t

194 983 295 1056 aliter
315 981 422 1074 foris,
439 985 533 1059 bella
553 988 707 1058 tractari.
724 989 832 1059 Domi
853 1013 896 1059 ea
918 989 994 1060 sola
1011 990 1140 1061 auxilia
1156 1016 1252 1082 esse,

195 1117 274 1191 quae
295 1098 418 1194 patriae
435 1099 530 1169 vires
549 1097 852 1170 subministrent:
871 1098 960 1173 foris
981 1100 1123 1174 hostem
1145 1103 1253 1174 etiam

195 1208 266 1277 suis
288 1207 427 1279 viribus
445 1209 562 1288 vinci,
585 1207 837 1280 deficientibus
860 1211 985 1299 sociis,
1007 1225 1044 1281 et
1064 1211 1150 1283 odio
1173 1211 1252 1283 diu·⁴

195 1319 293 1388 turni
315 1319 459 1418 imperii·
477 1333 599 1391 extera
621 1319 748 1390 auxilia
770 1320 1153 1419 circumspicientibus.
1171 1325 1280 1394 Huc⁵

195 1426 382 1516 accedere,
396 1428 499 1526 quod
515 1428 640 1519 urbes,
658 1429 873 1527 castellaque
889 1429 1031 1520 Africae,
1045 1457 1123 1504 non
1139 1434 1252 1504 muris

195 1539 338 1626 cinctae,
358 1562 434 1609 non
459 1541 497 1610 in
521 1539 707 1613 montibus
728 1543 854 1637 positae
874 1544 967 1630 sint,
988 1542 1051 1615 sed
1072 1545 1113 1614 in
1135 1543 1252 1643 planis

194 1650 347 1748 chmpis,
366 1651 444 1721 sine
461 1650 542 1722 ullis
559 1653 816 1739 munimentis,
834 1653 999 1746 jaceant:
1016 1677 1106 1751 quas
1124 1677 1253 1727 omnes

193 1775 292 1832 metu
312 1759 440 1832 excidii
462 1759 566 1832 facilc
589 1760 634 1831 ad
651 1760 736 1830 belli
759 1761 967 1832 societatem
988 1763 1114 1859 perlici
1136 1788 1253 1862 posse.

193 1871 308 1965 Majus
324 1872 431 1967 igitur
448 1868 805 1966 Carthaginiensibus
826 1869 873 1940 ab
895 1873 973 1969 ipsa
990 1870 1105 1946 Africa
1116 1928 1125 1962 ,
1136 1896 1282 1973 quomo

193 1999 237 2049 ex
255 1978 389 2066 Sicilia,
405 2003 615 2050 exarsurum
629 1977 786 2067 bellum,
801 1982 1014 2079 coitumque
1028 1982 1157 2056 auxilia
1179 2011 1255 2057 om·

195 2090 296 2160 nium
317 2088 490 2159 adversus
513 2113 624 2159 unam
646 2086 796 2177 urbem,
818 2091 969 2161 nomine
990 2117 1099 2189 quam
1123 2093 1255 2192 opibus

194 2199 422 2300 ampliorem,
441 2213 478 2270 et
494 2223 583 2298 quas
601 2224 680 2270 non
702 2199 861 2270 attulerit
877 2201 991 2287 vires,
1007 2201 1102 2274 inde‘
1116 2218 1254 2276 sumtu·

193 2335 286 2382 rum.
298 2315 373 2383 Nec
387 2312 426 2381 in
442 2311 638 2408 repentino
653 2312 850 2379 Poenorum
864 2323 963 2381 metu
975 2309 1161 2381 modicum
1175 2337 1281 2400 mo·7

193 2423 357 2494 mentum
370 2422 527 2494 victoriae
542 2418 635 2508 fore,
650 2421 712 2516 qui
728 2431 829 2489 tanta
841 2418 989 2490 audacia
1001 2418 1159 2491 hostium
1172 2445 1253 2521 per-

195 2530 300 2618 culsi,
312 2530 524 2631 trepidaturi
539 2531 620 2602 sint.
637 2534 831 2600 Accessura
844 2542 881 2599 et
891 2527 1054 2601 villarum
1067 2532 1281 2623 incendia,t

195 2641 441 2731 castellorum,
459 2639 682 2738 urbiumque
703 2642 974 2712 contumacimn
994 2641 1256 2741 direptionem,

194 2767 272 2824 tum
290 2754 403 2851 ipsius
419 2751 644 2850 Carthaginis
664 2749 904 2823 obsidionem.
922 2751 1063 2843 Quibus
1084 2755 1283 2839 omnibus9

195 2887 273 2935 non
298 2864 366 2937 sibi
389 2877 531 2942 tantum
554 2866 593 2935 in
615 2863 723 2954 alios,
743 2862 807 2935 sed
828 2877 865 2935 et
886 2864 963 2935 aliis
983 2867 1023 2935 in
1043 2890 1081 2936 se
1098 2867 1256 2939 sentient
1282 2863 1286 2870 ’

137 2981 140 2986 ’
196 2991 317 3073 patere
333 2973 436 3045 bella.
451 2977 515 3047 His
533 3000 612 3046 non
630 2975 749 3047 solum
766 2976 1300 3066 Poenosvinci,sedetSici-10

195 3086 277 3158 liam
296 3085 439 3158 liberari
454 3109 570 3184 posse.
584 3088 661 3158 Nee
674 3087 773 3156 enim
789 3100 994 3158 moraturos
1010 3089 1050 3157 in
1066 3089 1143 3183 ejus
1158 3085 1256 3159 obsi·

230 3339 256 3394 3.
268 3337 702 3410 Quibuseliudnullumaueiliumetc.
743 3335 860 3406 umus,
881 3339 988 3408 Sepias,
1009 3334 1136 3411 mitent-ile
1152 3333 1259 3385 d'abord

195 3421 264 3474 Cum
275 3419 326 3472 hac
346 3419 498 3491 Agathoclis
507 3415 705 3470 ‘adhortatione
749 3415 868 3484 Mage
878 3435 913 3481 μω
922 3415 1050 3486 ἅιιφοίν.
1061 3431 1106 3466 sn.

196 3498 442 3552 consumationem
461 3493 621 3549 Mithridatis
635 3491 707 3565 apud
781 3510 808 3560 9.
833 3496 946 3545 &miens
973 3493 1014 3544 lta
1038 3490 1060 3542 si
1085 3490 1142 3560 ipse
1166 3502 1258 3544 auctor
1299 3489 1317 3518 ¹

196 3581 285 3629 Recine
291 3617 306 3642 ,.
313 3575 461 3640 Mithridate,
472 3585 519 3626 act.
530 3579 577 3637 ΙΙΙ,
588 3591 629 3644 pr.
644 3587 690 3625 ιι).
748 3571 862 3642 scripsit,
872 3569 1068 3624 coniunctione
1079 3566 1206 3620 excidisse
1217 3566 1257 3619 di-

166 3681 167 3684 *
232 3656 257 3708 5.
278 3655 351 3722 Quod
367 3653 448 3715 urbes,
466 3652 635 3724 castellaque...
656 3652 707 3701 sine
748 3647 847 3702 cendue
867 3661 913 3702 eet.
936 3648 996 3702 ald.
1015 3659 1103 3700 temen
1121 3657 1148 3698 et
1159 3645 1256 3700 Venet.

198 3731 707 3786 suammettacderecontuton-
747 3726 845 3780 hebent
865 3730 987 3778 mutuent.
1007 3724 1154 3778 latinitatis
1170 3737 1258 3778 eutem

198 3815 303 3884 tesquieu
308 3851 318 3876 ,
332 3811 461 3864 Grandem
472 3823 497 3862 et
506 3806 645 3861 Dleadeuce
665 3807 707 3859 des
748 3807 908 3858 constructio
916 3804 1151 3876 postuletsensms.
1160 3803 1258 3857 Sensus

198 3889 654 3964 tomum,ei·ap.17:«l.aplupart
666 3885 709 3938 dee
748 3881 992 3938 ontionisdirecue
1008 3881 1257 3935 bicestthisom·

197 3969 268 4021 vrttes
279 3968 407 4042 d'Asrique
420 3971 484 4020 dant
490 3987 539 4040 peu
546 3964 671 4036 foresten,
683 3983 709 4016 se
748 3963 826 4016 nibus
831 3962 905 4016 factis
910 3961 1032 4025 sentient,
1039 3959 1093 4012 scil.
1098 3973 1260 4031 cognoscent

198 4047 325 4098 rendaiem
333 4046 467 4098 d'abordt
479 4047 611 4119 quiconque
622 4063 648 4094 se
653 4046 709 4114 pre-
748 4041 851 4106 hostes,
862 4057 917 4092 non
929 4057 957 4090 se
971 4039 1057 4091 solum
1069 4038 1145 4091 nobis
1161 4039 1260 4093 intem

198 4127 287 4176 sentcit
297 4145 363 4196 pour
382 4126 415 4177 les
427 4124 531 4196 prendre
549 4141 557 4176 ε
574 4125 639 4174 stessi
657 4133 709 4173 tous
748 4138 826 4192 posse
837 4119 920 4184 belia,
932 4115 978 4170 sed
988 4135 1038 4170 not
1048 4118 1210 4192 etiamipsis.
1341 4117 1346 4127 ⁴

199 4221 260 4253 eeuae
277 4207 320 4276 qui
330 4223 350 4274 y
363 4202 544 4275 ddbarqutnnt,
560 4200 706 4271 Agathocle,
785 4215 827 4249 ιο.
842 4200 912 4267 Ejus.
932 4195 1042 4250 sicilie:
1056 4215 1138 4268 quum
1155 4217 1200 4250 saa
1216 4216 1259 4250 ur-
