2967 4684
294 421 677 502 HISTORIARUM
702 421 863 491 LIBER
887 423 1122 495 XXXVIII.
1174 427 1245 518 465

183 547 303 635 batur,
312 545 480 647 pellicere
491 531 673 643 bupiebat.
683 539 783 615 Nihil
795 543 903 639 igitur
912 543 956 624 de
966 543 1107 618 offensa
1118 552 1274 622 Roma-s

186 680 320 727 norum
344 655 579 741 sentientem,
598 677 664 751 per
690 651 869 724 Gordium
892 656 1064 759 impellit,
1082 673 1124 730 ut
1144 664 1247 733 Ario·

183 767 352 855 barzani,
368 766 468 863 segni
486 762 703 851 admodum,
721 761 856 859 bellum
874 762 1006 837 inferat
1021 795 1029 837 ε
1044 782 1082 838 et
1099 793 1147 840 ne
1166 772 1248 867 quis

185 876 291 948 dolus
307 876 456 948 subesse
471 873 666 963 videretur,
678 872 791 944 filiam
805 899 906 946 suam
919 878 952 947 ei
965 876 1194 978 Cleopatram
1208 884 1247 954 in
1287 948 1289 963 ,

186 985 458 1056 matrimonium
479 981 597 1054 tradit
624 983 746 1052 Primo
769 982 876 1078 igitur
902 981 1059 1056 adventu
1085 989 1277 1085 Tigranist

188 1094 462 1180 Ariobarzanes,
474 1091 624 1166 sublatis
641 1091 753 1164 rebus
767 1094 854 1180 suis,
872 1097 1024 1166 Romam
1034 1099 1245 1173 contendit:

187 1221 295 1304 atque
315 1209 365 1276 ita
385 1230 450 1304 per
463 1206 654 1302 Tigranem
674 1227 801 1274 rursus
818 1203 1043 1302 Cappadocia
1062 1211 1151 1305 juris
1173 1235 1249 1285 esse

185 1317 404 1408 Mithridatis
418 1319 537 1414 coepit
551 1315 689 1386 Eodem
702 1327 866 1412 tempore
879 1329 1025 1387 mortuo
1036 1320 1279 1410 Nicomede,t

164 1424 167 1439 '
186 1432 295 1500 etiam
306 1426 403 1500 filius
415 1429 493 1524 ejus
508 1429 635 1524 etipse
649 1423 862 1496 Nicomedes
877 1449 992 1523 reguo
1005 1451 1026 1500 a
1041 1427 1252 1500 Mithridate
1275 1413 1279 1424 ⁸

186 1538 350 1636 pellitur;
369 1539 433 1637 qui
451 1561 566 1634 quum
588 1533 740 1634 supplex
760 1539 911 1606 Romam
930 1537 1109 1628 venisset,
1127 1538 1251 1610 decen,

128 1699 132 1711 .
188 1650 287 1739 nitur
305 1651 344 1718 in
366 1663 515 1734 senatu,
530 1661 571 1717 ut
589 1661 742 1744 uterque
759 1648 798 1718 in
817 1671 969 1743 regnum
989 1651 1253 1724 restituantur:

185 1760 225 1830 in
249 1759 350 1857 quod
373 1774 450 1830 tum
473 1759 571 1829 missi
591 1756 753 1855 Aquilius
775 1772 811 1828 et
833 1756 988 1832 Manlius
1011 1758 1184 1834 Maltinus
1205 1760 1252 1834 le·

185 1872 267 1968 gati.
277 1873 341 1940 His
352 1870 519 1968 cognitis,
528 1866 754 1940 Mithridates
767 1871 973 1942 societatem
987 1894 1071 1942 cum
1082 1874 1251 1971 Tigrane,
1264 1885 1280 1938 5

185 1979 322 2054 bellum
336 1981 506 2052 adversus
520 1983 708 2052 Romanos
725 1993 906 2075 gesturus,
919 1981 1040 2076 jungit
1054 2007 1062 2049 ε
1078 1983 1252 2080 pactique

184 2093 282 2164 inter
302 2106 467 2190 segsunt,
486 2105 528 2161 ut
547 2089 659 2161 urbes
677 2090 827 2186 agrique
845 2088 1065 2180 Mithridati,
1084 2089 1252 2166 homines

184 2227 272 2272 vero
285 2217 323 2271 et
339 2224 568 2296 quacunque
584 2196 716 2270 auferri
730 2213 895 2297 possent,
906 2201 1051 2298 Tigrani
1067 2201 1249 2274 cederent.

186 2310 377 2406 Posthac
405 2308 634 2381 Mithridates
660 2307 883 2405 intelligens,
908 2323 1087 2406 quantum
1115 2310 1281 2394 belluino

187 2422 392 2508 suscitaret,
403 2418 539 2516 legatos
555 2417 602 2489 ad
616 2416 801 2506 Cimbros,
817 2417 906 2488 alios
920 2417 966 2489 ad
982 2417 1251 2492 Gallo-Graecos

187 2545 223 2601 et
244 2536 436 2619 Sarmatas,
456 2534 737 2626 Bastarnasque,
757 2526 928 2598 auxilium
953 2529 1106 2627 petitum
1130 2533 1250 2604 mittit.

186 2635 279 2714 Nam
309 2666 439 2714 omnes
465 2639 531 2712 has
557 2654 705 2738 gentes,
730 2643 937 2710 Romanum
968 2638 1279 2720 meditabundus7

186 2751 462 2842 bellum,variis
483 2749 748 2823 beneficiorum
772 2748 987 2822 muneribus
1008 2751 1081 2848 jam
1107 2766 1191 2824 ante
1209 2753 1251 2824 il·

187 2860 330 2934 lexerat
347 2861 404 2934 Ab
424 2861 571 2960 Scythia
588 2887 737 2961 quoque
759 2863 956 2936 exercitum
978 2865 1105 2936 venire
1124 2864 1250 2962 jubet,

224 3051 248 3084 a.
271 3033 378 3085 HM...
391 3036 534 3085 sentientem.
553 3033 696 3104 Tigranem
737 3032 815 3086 civile
828 3051 872 3085 an.
886 3031 937 3088 665
951 3044 1072 3088 exortum
1087 3051 1249 3087 commemo-

186 3109 612 3182 igiturdeliomanisoll'endendit
617 3113 696 3185 plane
735 3123 789 3175 rat,
801 3129 858 3182 cap.
871 3117 902 3177 4,
914 3113 979 3181 14),
990 3112 1089 3166 Cimbri
1100 3113 1250 3168 Mithridati

187 3208 243 3242 non
256 3189 429 3260 cogitantem,
442 3202 492 3242 etc.
736 3207 793 3242 non
809 3189 895 3260 ignoti
911 3202 997 3254 eraut,
1015 3191 1115 3262 quippe
1132 3210 1146 3243 a
1164 3192 1250 3244 Mario
1271 3239 1275 3252 ,

223 3269 248 3322 3.
262 3299 294 3308 —
306 3269 385 3320 Anno
398 3268 478 3321 Urbis
491 3271 552 3322 662.
734 3269 789 3338 jam
805 3285 846 3318 an.
862 3267 910 3320 651
930 3278 957 3319 et
970 3268 1020 3320 652
1035 3268 1093 3320 cassi
1110 3287 1140 3320 ac
1156 3268 1249 3340 fugati.

223 3345 564 3417 4.1tegno.Bithyniacap.
578 3364 609 3411 1,
624 3362 649 3398 a.
662 3375 696 3386 ·-
736 3375 771 3386 -
793 3345 996 3398 Gallo-Graecos.
1027 3345 1118 3398 Cuivis
1146 3347 1251 3399 venales

188 3429 218 3476 Ia
232 3425 305 3496 qaod.
319 3423 415 3476 Melius
427 3421 482 3476 duo
494 3422 572 3476 codd.
588 3427 614 3474 ia
625 3443 697 3496 quam
737 3424 828 3490 XXV,
843 3443 872 3489 a,
886 3442 969 3492 9⁴⁰3
982 3421 1110 3486 XXVII,
1124 3423 1155 3488 3,
1170 3422 1193 3475 5·

187 3520 245 3554 nm.
257 3532 292 3542 -
306 3503 413 3570 Manliae
425 3501 549 3553 Maltinus.
561 3501 697 3554 Reinesiua
773 3521 797 3572 7.
811 3501 915 3573 Scythia.
925 3499 1035 3572 Respice
1045 3499 1170 3566 XXVII,
1181 3501 1211 3566 3,
1223 3519 1249 3560 a.

188 3597 221 3632 ex
246 3580 382 3646 vincentii
407 3580 597 3634 bellovacensis
619 3582 696 3650 Spec.
737 3609 772 3620 —-
788 3585 931 3651 Omnmqus
948 3581 1094 3630 Orientem...
1109 3589 1194 3630 armat.
1209 3579 1250 3632 De

188 3659 256 3713 Hist.
268 3657 326 3724 VI,
338 3677 401 3723 ror,
412 3659 466 3731 legi
475 3659 533 3713 vult
544 3665 580 3710 tt.
591 3659 699 3722 Acidim
737 3654 914 3709 infensissimo
925 3655 971 3707 illo
984 3651 1147 3706 Mithridatis
1158 3651 1249 3708 adver

188 3737 308 3790 Freinsh.
319 3737 349 3788 in
357 3736 416 3790 Liv.
426 3737 515 3807 suppl.
525 3735 654 3803 LXXIV,
666 3755 695 3790 ιι
739 3754 782 3788 sus
796 3737 928 3787 Romanos
936 3732 1006 3784 bello
1016 3731 1085 3784 hanc
1094 3734 1250 3788 sententiam

188 3823 221 3866 ex
233 3813 356 3885 Appiano
368 3814 483 3866 Manilius
495 3817 631 3868 Mancinus.
738 3813 840 3885 profert
854 3813 889 3864 et.
898 3813 1063 3881 Montesquiea
1069 3849 1078 3874 ‚
1095 3811 1252 3866 Grandeuret

175 3956 179 3964 ,
223 3891 697 3960 6.1metttgens.1ntetlectotld.,tunt.
738 3891 880 3942 Ddcadenca
895 3889 938 3940 des
955 3891 1079 3952 nomam,
1095 3889 1163 3962 chop.
1179 3897 1249 3945 711:

190 3981 216 4022 et
229 3987 299 4021 unus
314 3967 373 4021 cod.
387 3988 443 4022 non
458 3970 547 4041 inepte
560 3989 593 4022 ex
608 3970 698 4023 Nostri
739 3974 815 4022 ultien
826 3969 918 4022 n'arat't
924 3967 980 4039 plus
986 3965 1198 4041 perdulaplrpart
1206 3969 1249 4024 des

188 4047 289 4099 ratione
295 4046 430 4119 loquendi.
437 4077 469 4088 -
478 4047 591 4101 Cimbros.
596 4048 697 4104 Freins.
738 4051 787 4100 tois
794 4048 868 4121 quale
879 4045 943 4097 desit
950 4045 1073 4112 manifeste
1083 4048 1154 4120 qu'ils
1164 4053 1249 4101 te'moi·

161 4143 165 4148 ’
189 4124 298 4196 corrigit
304 4126 609 4180 cinnomtlucamem
616 4145 700 4200 quum
736 4124 1252 4196 guatentddapais:manatenrdttourm'

190 4221 260 4258 anno
268 4203 619 4276 incommemoratum
628 4205 699 4260 euim
732 4225 785 4278 par
797 4206 821 4258 ta
835 4216 887 4258 tous
899 4205 933 4256 les
947 4215 1026 4258 annes
1032 4205 1132 4276 perplea
1144 4205 1175 4258 de
1184 4224 1248 4277 par·

1034 4303 1081 4372 30
