2967 4684
221 296 267 395 78
512 294 767 363 rnnrfflo
790 296 992 367 snsrrm.

192 434 354 507 trentur,
369 433 406 487 et
422 416 480 512 qui
495 440 566 485 non
583 414 799 503 didicissent,
816 440 886 510 qno
903 418 1162 489 instruerentur.
1182 416 1283 509 Quod

219 530 263 599 ad
286 545 339 615 te,
360 552 430 597 non
458 539 526 594 tam
553 524 803 622 cognoscendi,
827 550 930 619 quarn
948 527 1152 601 emendandi
1168 556 1285 603 caussa

220 638 410 711 transmisi:
428 634 526 707 simul
542 650 582 705 nt
594 650 630 705 et
642 636 704 705 otii
717 636 803 723 mei,
821 638 917 730 cujus
933 654 967 706 et
980 642 1063 707 Cato
1078 638 1284 736 reddendam

191 744 390 848 s[0peram]
410 738 526 841 putat,
552 744 643 841 apud
662 738 709 815 te
723 746 810 815 ratio
834 762 1015 819 constaret.
1044 749 1175 820 Sufficit
1198 754 1289 821 enirn

213 861 303 950 ⁴mihi
328 862 363 927 in
393 859 461 929 hoc
483 873 636 952 tempore
656 857 823 950 judicium
851 874 968 961 tuurn,
998 861 1088 955 apud
1113 878 1288 956 posteros,

220 996 326 1066 quum
348 969 602 1041 obtrectationis
623 969 750 1039 invidia
773 970 974 1061 decesserit,
997 972 1169 1044 industrie
1193 976 1287 1046 testi-

219 1082 373 1153 monium
388 1081 558 1151 habituro.
962 1113 968 1148 ι

220 1251 403 1325 qnebistorias
411 1269 494 1324 grues
502 1249 735 1325 Rugusconscn'p·
776 1254 876 1307 reddere
887 1268 974 1313 autern
984 1269 1022 1311 est
1034 1256 1111 1309 edere.
1125 1258 1224 1313 Sensus
1236 1259 1288 1331 igi-

218 1340 261 1385 tas
269 1331 465 1402 cognovissent.
775 1345 834 1400 tur,
847 1354 927 1407 quern
941 1336 1009 1389 eruit
1027 1336 1159 1402 Gravius,
1173 1350 1212 1391 est
1223 1337 1288 1391 bic:

257 1410 282 1463 ⁵.
298 1410 342 1462 Ad
354 1422 385 1462 te.
403 1409 516 1463 Addunt
533 1407 595 1462 edd
615 1410 693 1462 Rom.
708 1415 736 1461 et
778 1412 843 1465 Cato
861 1425 939 1484 putat
957 1411 1089 1467 edendum
1105 1432 1161 1467 csse
1180 1433 1247 1487 opus
1259 1416 1289 1469 in

220 1488 282 1545 ald.
290 1496 422 1561 Imperator
428 1492 560 1552 Antenori,
568 1506 627 1559 quse
634 1499 673 1542 est
679 1488 735 1541 sine
777 1489 832 1542 otio
843 1491 1035 1545 elucubrnturn.
1046 1492 1108 1545 Esse
1115 1490 1193 1547 debet
1200 1494 1290 1565 potius

220 1568 304 1621 dubio
319 1568 404 1639 glossa
420 1586 527 1631 eornm,
542 1566 589 1638 qni
607 1566 735 1618 Nostrum
777 1568 821 1621 bic
831 1586 838 1620 :
848 1568 926 1622 simul
936 1582 966 1622 nt
975 1580 1106 1623 constaret
1116 1568 1188 1642 apud
1199 1582 1225 1623 te
1236 1571 1291 1638 (ex-

222 1644 420 1699 confundebant
428 1664 489 1697 cum
495 1644 601 1696 Iustino
609 1643 735 1715 Martyre-
777 1658 856 1699 staret
867 1646 940 1721 apud
949 1660 975 1701 te
984 1666 999 1701 a
1009 1667 1052 1703 me
1062 1648 1215 1717 constituta)
1224 1648 1291 1701 ratio

221 1724 294 1778 Vide
302 1726 404 1796 proleg.
416 1743 473 1796 cap.
488 1741 566 1787 1,nr.
580 1723 622 1774 ¹8.
634 1751 668 1762 -
677 1726 737 1773 Non
779 1725 827 1777 otii
833 1726 988 1798 mei,quurn
998 1738 1026 1780 et
1032 1728 1097 1781 Cato
1106 1726 1150 1779 ills
1158 1726 1292 1781 censorius

222 1814 280 1855 m
292 1801 369 1856 MSS.
388 1802 490 1873 aliquot
501 1798 606 1853 addunt
620 1818 670 1852 non
688 1811 737 1851 tm
780 1800 1006 1857 otiisuirationem
1014 1802 1178 1857 reddendam
1184 1804 1291 1876 putarit.

223 1879 385 1953 cognoscendi
408 1881 502 1949 magis,
529 1876 604 1949 qnod
628 1889 737 1931 urentur
780 1880 1074 1935 Cetoautemdixerat:
1089 1883 1211 1935 Clarorum
1223 1885 1292 1933 viro-

222 1959 348 2014 vorstius
356 1970 384 2012 ct
391 1956 503 2011 Vossius
510 1969 595 2029 pater,
604 1955 693 2008 deleto
701 1958 738 2027 τᾷ
777 1978 829 2011 rum
842 1972 913 2033 atque
925 1978 1069 2031 magnorum
1082 1978 1132 2013 nore
1146 1963 1223 2013 minan
1236 1962 1290 2024 otii,

219 2050 281 2091 tarn.
295 2039 393 2091 Sennis
410 2036 548 2107 uniusque
564 2032 685 2086 lectionis
697 2044 738 2086 est
778 2056 849 2111 quum
862 2042 954 2109 negotii
961 2042 1077 2090 rationem
1087 2051 1182 2091 exstare
1193 2048 1293 2109 oportet.

223 2116 311 2181 ideru3
325 2133 381 2167 non
393 2126 447 2167 nur
460 2126 492 2165 ut
503 2124 534 2165 tu
545 2110 609 2165 inde
627 2128 670 2164 res
689 2110 737 2163 tibi
777 2117 832 2169 Aut
845 2116 866 2169 si
883 2116 981 2182 mavis,
996 2128 1138 2189 transpone
1149 2134 1210 2168 cnm
1221 2114 1291 2169 Mei·

223 2195 373 2267 ineognitas
389 2209 576 2264 cognosceres,
588 2208 668 2262 qnam
687 2208 737 2262 po·
778 2194 860 2247 nekio
883 2194 964 2248 rerba
985 2192 1160 2248 :reddendam
1178 2196 1294 2245 rationem

222 2276 278 2330 tius
297 2287 327 2326 nt
344 2290 413 2343 opns
424 2288 515 2323 meum
530 2266 691 2322 emendares
702 2297 738 2308 -
779 2283 870 2345 putat,
883 2270 956 2343 apud
968 2284 993 2326 te
1005 2292 1077 2345 opera
1089 2283 1229 2327 constaret.

227 2360 337 2427 operam.
352 2350 428 2403 Hunc
437 2365 532 2403 vocem
544 2346 639 2400 inclusi
652 2346 737 2399 uncis.
817 2354 842 2403 6.
851 2350 970 2403 Iudicium
980 2362 1054 2403 tuum.
1064 2350 1198 2405 Sententia
1206 2362 1251 2403 tua
1261 2368 1293 2403 eo

176 2432 185 2450 ¹
225 2431 300 2498 Quid
312 2430 383 2483 enirn
396 2427 446 2480 sibi
459 2427 518 2480 rult
528 2444 624 2497 operans
640 2424 741 2476 reddere
781 2424 1294 2502 mihiboncrificentior,quomnjorest

226 2515 291 2563 otii?
303 2509 373 2561 Hinc
387 2504 449 2558 edd.
462 2505 590 2574 Bongars.
605 2514 632 2555 et
644 2502 739 2554 colon.
782 2516 826 2557 tun
836 2504 935 2577 judicis
948 2508 1096 2560 auctoritas.
1106 2538 1139 2547 -
1148 2506 1238 2558 mlii...
1251 2508 1294 2557 Ιια-

227 2587 361 2642 dederuut
368 2588 493 2646 rationem,
504 2582 634 2652 probante
644 2578 739 2631 Fabrc.
782 2582 869 2633 bitum.
887 2584 978 2646 Quum
998 2583 1133 2634 habiturus
1154 2584 1204 2634 siru
1221 2582 1294 2655 apud

227 2658 740 2729 idemautemrocabulumquurnpaullo
781 2670 900 2731 posteros
908 2656 1294 2725 testimoniumindustrirc,sci·

227 2757 288 2819 post
301 2752 437 2813 sequatur,
451 2751 549 2790 tenuere
562 2735 608 2788 bic
621 2733 684 2786 inde
696 2752 739 2787 rc·
780 2736 843 2789 licet
853 2734 953 2806 posteri
970 2734 1022 2787 sint
1034 2736 1168 2801 tentaturi,
1183 2756 1294 2791 menon

227 2823 342 2898 petitum
353 2815 467 2872 videtur.
481 2812 553 2866 Illud
566 2824 653 2867 tamen
665 2813 741 2865 Gras-
782 2814 868 2867 ierem
893 2810 1048 2865 industriam
1081 2812 1231 2869 adhibuisse
1264 2816 1293 2871 in

227 2903 288 2957 vius
298 2902 335 2952 ita
346 2894 475 2967 explicat:
487 2912 559 2964 opera
572 2895 616 2945 orii
624 2902 664 2945 est
673 2910 741 2963 opus
782 2892 874 2965 Trogo
879 2904 1014 2965 excerpto,
1022 2912 1105 2965 quum
1115 2894 1177 2948 vivo
1184 2894 1251 2949 mibi
1261 2896 1296 2948 sit

229 2978 328 3035 inotio
348 2972 548 3037 elucubratum,
574 2988 653 3042 quam
674 2972 742 3026 bene
782 2968 944 3039 verendum,
963 2990 997 3025 ne
1020 2970 1086 3045 quid
1108 2973 1295 3027 obtrectatores

230 3072 322 3115 auctor
335 3054 391 3110 otio
401 3069 450 3105 suo
461 3051 494 3104 sit
504 3068 579 3118 usus,
589 3049 740 3105 declarans:
783 3048 868 3105 invidi
881 3048 916 3109 de
925 3051 975 3107 buc
985 3050 1064 3109 laude
1072 3052 1139 3107 mibi
1148 3051 1295 3107 detrahant.
