2967 4684
648 381 858 450 IUSTINI

219 609 586 632 mmmmmm
590 608 771 631 mmmm
776 609 1288 634 mmmmm

497 802 739 903 LIBER
782 801 1007 903 XXXI.

193 1280 205 1316 ι
222 1255 248 1322 Ι.
265 1221 438 1326 Monruo
452 1249 644 1324 Ptolemaeo
658 1251 906 1352 Philopatore,
920 1275 1004 1349 rege
1021 1253 1181 1349 AEgypti,
1196 1275 1284 1324 con·

221 1378 406 1460 temtaque
426 1363 565 1460 parvuli
582 1361 647 1434 filii
667 1365 743 1462 ejus
765 1379 887 1452 aetate,
906 1365 969 1460 qui
993 1365 1032 1433 in
1056 1386 1159 1460 spem
1182 1366 1285 1461 regni

221 1472 384 1561 relictus,
396 1471 523 1571 praedae
538 1473 643 1543 etiam
662 1474 869 1547 domesticis
886 1489 979 1562 erat,
992 1473 1211 1560 Antiochus,
1222 1499 1286 1546 rex

194 1615 208 1648 2
223 1589 348 1684 syrim,
368 1607 547 1681 occupare
567 1587 757 1682 AEgyptum
778 1587 910 1658 statuit.
927 1591 1055 1683 ltaque
1071 1584 1285 1670 Phoenicen,

224 1713 442 1792 ceterasque
456 1696 563 1791 Syria
578 1696 740 1793 quidem,
756 1695 819 1768 sed
832 1697 924 1793 juris
939 1697 1112 1795 AEgyptti,
1127 1699 1286 1769 civitates

222 1834 337 1908 quum
356 1809 562 1897 invasisset,
583 1807 719 1906 legatos
739 1808 890 1880 adeum
912 1824 1058 1880 senatus
1076 1809 1205 1897 mittit,
1225 1809 1287 1906 qui

223 1920 483 1992 denuntiarent
500 1919 549 2008 ei,
564 1917 792 1991 «abstineret
805 1943 922 2017 regno
940 1917 1083 2017 pupilli,
1097 1919 1287 2016 postremis

192 2031 334 2131 epatris
352 2030 527 2131 precihus*
540 2029 625 2102 fidei
645 2055 717 2106 suae
735 2030 895 2103 traditi.»
911 2029 1052 2120 Quibus
1071 2035 1218 2128 spretis,
1231 2032 1288 2100 in·

223 2143 373 2240 terjecto
386 2155 566 2241 tempore,
577 2141 645 2212 alia
660 2141 790 2240 legatio
806 2143 1032 2241 supervenit,
1047 2167 1146 2239 quae,
1157 2143 1288 2212 omissa

142 2309 146 2314 -
223 2255 351 2356 pupilli
375 2279 551 2353 persona,
574 2255 788 2343 «civitates,
808 2255 889 2351 jure
913 2252 998 2325 belli
1024 2250 1134 2322 factas
1162 2251 1288 2351 populi

118 2427 119 2434 ,
196 2368 398 2455 tRomani,
409 2367 447 2436 in
461 2367 645 2464 integrum
657 2367 798 2438 restitui
811 2396 828 2432 »
841 2363 1002 2462 jubebat
1018 2363 1203 2436 Abnuenti
1216 2361 1291 2434 bel-

223 2476 300 2548 lum
323 2476 603 2548 denuntiatum:
624 2477 724 2574 quod
747 2476 807 2548 ille
826 2474 931 2548 facile
949 2489 1158 2575 susceptum
1178 2471 1291 2545 infeli·

194 2599 211 2654 5
225 2590 314 2660 citer
329 2589 445 2687 gessit.
459 2587 597 2661 Eodem
617 2597 783 2686 tempore
796 2603 831 2660 et
843 2587 955 2660 Nabis
969 2600 1149 2684 tyrannus
1160 2582 1289 2656 multas

255 2761 277 2812 I.
290 2761 615 2813 1.Momw1’tolemoeoetr.
625 2761 737 2832 Respice
778 2773 866 2813 tamen
883 2779 927 2813 an.
948 2761 998 2828 559
1021 2757 1092 2811 dotis
1113 2759 1191 2825 loco,
1208 2777 1310 2830 qun

223 2837 316 2904 XXX,
331 2840 388 2904 2,6
402 2851 428 2890 et
439 2839 464 2891 8.
481 2869 516 2878 —
528 2841 632 2892 Parvuli.
649 2841 736 2905 Quin·
777 2839 858 2892 filiam
874 2839 939 2892 huic
951 2840 979 2891 in
994 2839 1191 2891 matrimonium
1204 2836 1291 2891 trade·

222 2916 347 2988 quennis,
359 2935 442 2988 quum
453 2930 528 2987 pater
536 2931 684 2970 moreretur
693 2936 736 2970 au.
778 2931 826 2972 ret.
847 2917 925 2972 Conl.
940 2936 1019 2989 supra
1033 2917 1130 2983 XXX,
1144 2937 1173 2984 a,
1188 2918 1204 2970 8
1217 2929 1291 2984 not,

222 2993 283 3048 ⁵50.
292 3023 326 3032 —-
334 2992 428 3044 Proedoe
435 2997 505 3045 etiam
514 2993 656 3047 domesticu.
667 2996 737 3047 Aris-
778 3007 804 3049 et
815 2998 874 3051 Liv.
885 2997 1002 3062 XXXV,
1013 2997 1052 3060 13,
1063 3001 1089 3060 4.

221 3084 354 3125 tomenem
369 3072 440 3124 enim
451 3084 582 3138 tutorem,
593 3074 679 3125 virum
691 3074 738 3126 bo·
814 3094 839 3128 r.
861 3079 988 3127 Postremi}
1004 3078 1084 3148 patris
1099 3073 1211 3146 precibus
1228 3071 1294 3142 fidei

223 3167 304 3216 num,
314 3167 480 3220 regnumque
497 3150 597 3222 optime
611 3149 737 3204 adminis·
778 3173 828 3205 suoe
844 3154 936 3206 ardui.
953 3153 1023 3206 ndei
1036 3173 1099 3218 sure,
1120 3149 1216 3217 idest,
1228 3149 1292 3203 fidei

222 3241 351 3292 trantem,
364 3246 444 3300 quem
464 3247 510 3280 rex
524 3248 591 3301 puer
605 3242 738 3300 tamquam
778 3233 966 3285 Romanorum.
987 3233 1028 3284 De
1046 3250 1075 3284 re
1095 3244 1182 3284 autem
1201 3226 1293 3282 confer

222 3321 325 3382 patrem
339 3307 453 3372 amabat,
466 3305 564 3360 deiude
577 3307 610 3359 ab
621 3306 738 3359 adulato-
778 3315 958 3383 Montoquieu,
977 3309 1105 3362 Grandem
1117 3318 1141 3360 et
1152 3307 1294 3360 Decedence

222 3387 296 3442 ribus
304 3397 455 3457 corruptus,
464 3385 576 3439 cicutam
586 3385 676 3437 hibere
684 3387 738 3456 jus-
778 3387 821 3440 des
840 3393 966 3453 Romaim,
986 3389 1055 3460 clap.
1080 3395 1135 3440 71:
1149 3413 1160 3434 ι
1174 3388 1292 3459 quelque-

225 3467 259 3519 tit
274 3468 307 3517 A.
328 3464 363 3518 U.
385 3465 449 3530 562,
471 3464 601 3517 referente
617 3465 737 3517 Diodoro
773 3467 827 3533 sois
842 3468 872 3518 ils
892 3469 946 3536 (les
966 3466 1106 3536 Romaim)
1125 3487 1151 3518 se
1168 3466 1294 3518 nudatam

225 3545 334 3610 XXIX,
347 3545 440 3616 fragm.
457 3561 480 3596 r.
498 3543 569 3595 Huic
584 3543 666 3614 igitur
683 3563 738 3597 nou
779 3553 874 3598 mortus
884 3546 1191 3618 d’unpayssouspreterte
1202 3544 1293 3595 desue-

225 3624 309 3675 multo
317 3636 378 3694 port
384 3621 488 3675 initium
497 3621 582 3692 regni,
592 3623 738 3676 Antiochus
780 3628 871 3676 cessim
881 3644 891 3676 .·
902 3624 932 3691 ils
943 3627 1063 3675 currerent
1073 3643 1103 3674 en
1116 3627 1188 3686 Acie,
1201 3641 1230 3673 en
1246 3623 1292 3672 ni-

226 3699 289 3753 inde
299 3701 332 3753 eh
342 3719 383 3754 an.
398 3702 445 3754 531
456 3738 465 3766 ,
476 3699 557 3774 Syrioe
567 3719 612 3753 rex
622 3702 738 3770 (XXIX,
780 3705 870 3776 thyuie,
877 3722 926 3775 par
937 3703 971 3754 les
981 3713 1107 3754 testumeus
1118 3693 1250 3766 d‘Attolus,
1261 3700 1293 3752 de

227 3796 259 3844 1,
272 3779 287 3832 3
300 3781 384 3848 not),
396 3777 458 3832 inde
469 3798 518 3850 per
529 3796 611 3831 annos
623 3781 739 3844 tto-550
779 3782 910 3834 Nicomede
919 3794 944 3832 et
954 3781 1086 3853 d'Appt'on.
1097 3805 1109 3828 a
1120 3798 1167 3833 rm.

226 3855 400 3922 Parthorum,
411 3858 608 3910 Bactrianorum
620 3869 646 3910 et
656 3855 739 3910 Indo·
815 3869 841 3925 4.
854 3864 940 3913 Gessit.
950 3857 1020 3914 Vide
1030 3860 1099 3913 intra
1110 3878 1168 3931 cap.
1180 3861 1207 3912 6.

227 3951 289 3985 rum
308 3933 408 3998 vietor,
427 3934 528 3988 hellum
539 3935 642 4000 intulit,
663 3935 739 4006 eique
816 3941 841 3993 5.
857 3939 949 3990 Eodem
964 3949 1066 4010 torpore
1079 3949 1104 3988 et
1115 3937 1194 3989 Natis
1207 3949 1291 4009 tyma-

226 4011 369 4064 Phoenieen
388 4013 427 4080 (S.
447 4016 499 4084 a),
513 4013 740 4087 ciale-Syrirmet
779 4037 825 4069 nus
848 4030 898 4069 etc.
918 4016 1028 4087 Respice
1048 4015 1146 4081 XXX,
1164 4023 1194 4080 4,
1212 4017 1237 4067 5.
1256 4042 1291 4054 -

227 4091 404 4154 rumenam,
416 4103 447 4144 ut
460 4093 523 4146 olim
540 4094 609 4164 patri
622 4093 690 4164 (cap.
709 4112 738 4156 1,
779 4095 871 4146 Multas
885 4097 984 4146 Gmcioe
1002 4096 1114 4148 civitam.
1126 4095 1158 4146 In
1170 4093 1212 4146 hir
1223 4089 1292 4145 civi-

230 4170 346 4240 7not.),
366 4169 463 4222 iterum
487 4171 599 4243 eripuit,
622 4169 740 4225 reddidit
779 4173 876 4225 tatibus
887 4173 982 4242 Argos.
