2967 4684
382 349 763 427 utsroumnuu
788 350 947 423 mum
972 351 1034 424 1v.
1173 352 1239 441 145

177 478 335 581 obrupta
353 478 426 551 hoc
450 478 600 549 nomine
624 476 921 575 pronuntiantur.
942 480 1018 553 Nec
1040 480 1191 565 mirum,
1212 481 1270 549 sis

177 594 341 667 fabulosa
366 604 421 661 est
444 588 515 659 loci
540 585 648 683 hujus
671 588 886 683 antiquitas,
911 589 950 657 in
975 613 1085 685 quem
1108 614 1165 659 res
1188 602 1243 659 tot

178 710 297 777 coiere
308 704 416 773 mirae.
431 701 591 771 Primum
602 694 704 793 quod
716 719 897 795 nusquam
912 698 997 770 alias
1011 714 1083 771 tom
1099 714 1242 773 torrens
1254 740 1271 791 9

177 813 332 901 fretttm,
345 834 414 883 nec
428 809 547 881 solum
560 811 670 878 citato
685 811 842 905 impetu,
857 830 984 881 verum
1000 813 1108 883 etiam
1127 837 1221 883 saevo
1232 839 1257 901 ς,

179 950 301 1023 neque
329 918 600 1020 experientibus
631 917 744 989 modo
775 918 955 1007 terribile,
980 946 1104 993 verum
1137 924 1243 995 etiam

179 1034 310 1133 procul
330 1030 546 1104 videntibus.
570 1028 760 1099 Undarum
784 1053 895 1127 porro
915 1031 1010 1103 inter
1032 1058 1069 1105 se
1091 1058 1293 1109 concur-10

179 1149 340 1217 rentium
354 1152 454 1215 tanta
467 1164 592 1239 pugna
602 1153 673 1227 est,
684 1153 726 1210 ut
739 1139 825 1211 alias
836 1139 947 1211 veluti
956 1156 1055 1239 terga
1067 1143 1194 1217 dantes
1206 1148 1246 1217 in

181 1259 295 1329 imum
316 1252 498 1338 desidere,
516 1250 601 1331 alias
620 1252 723 1346 quasi
743 1252 907 1321 victrices
929 1252 969 1320 in
989 1251 1141 1325 sublime
1160 1252 1246 1343 ferri

181 1364 319 1439 videas:
334 1387 435 1435 nunc
451 1360 513 1433 hic
531 1356 715 1431 fremitum
730 1357 903 1432 ferventis
918 1376 1041 1451 esuis,
1055 1389 1156 1435 nunc
1174 1364 1247 1436 illic

181 1479 353 1574 gemitum
369 1477 409 1543 in
426 1472 634 1569 voraginem
650 1468 846 1543 desidentis
862 1471 1040 1545 exaudias.
1058 1473 1247 1545 Accedunt
1263 1514 1290 1549 ιι

78 1619 82 1625 ·
181 1589 293 1658 vicini
314 1598 351 1657 et
372 1584 538 1682 perpetui
560 1585 673 1653 AEtnae
696 1583 832 1653 montis
856 1582 972 1678 ignes,
988 1596 1025 1653 et
1045 1583 1246 1661 insularum

181 1696 382 1785 AEolidum,
395 1693 506 1765 veluti
526 1694 613 1790 ipsis
630 1691 739 1763 undis
755 1690 869 1763 alatur
882 1692 1103 1765 incendium.
1119 1696 1246 1790 Neque
1262 1736 1292 1769 ιι

182 1809 332 1879 enimin
347 1820 420 1877 tam
433 1806 594 1901 angustis
606 1804 770 1875 terminis
783 1802 885 1875 aliter
899 1800 1029 1875 durare
1044 1818 1098 1875 tot
1110 1802 1247 1877 saeculis

183 1930 304 1989 tantus
321 1915 414 2012 ignis
435 1915 632 2013 potuisset,
650 1916 718 1983 nisi
738 1910 903 1986 humoris
924 1916 1157 1989 nutrimentis
1178 1916 1248 1985 ale-

184 2041 294 2099 retur.
309 2028 405 2097 Hinc
421 2026 530 2121 igitur
545 2020 675 2095 fabulae
692 2022 845 2119 Scyllam
859 2038 896 2095 et
910 2022 1123 2121 Charybdin
1140 2048 1294 2121 pepe-13

182 2162 262 2209 rere
272 2163 283 2225 ;
294 2135 385 2207 hinc
402 2135 550 2207 latratus
566 2131 697 2219 anditi;
710 2132 800 2205 hine
816 2136 972 2206 monstri
991 2134 1125 2207 credita
1141 2138 1249 2207 simu·

12 2285 15 2334 ,
178 2246 296 2335 laura,
307 2244 396 2317 dum
412 2248 637 2342 navigantes,
651 2244 791 2339 magnis
808 2244 1008 2315 vorticibus
1025 2243 1139 2342 pelagi
1154 2240 1247 2313 desi-

185 2354 304 2426 dentis
319 2355 499 2441 exterriti,
516 2352 646 2424 latrare
662 2366 793 2450 putant
808 2351 945 2439 undas,
961 2378 1051 2449 quas
1066 2352 1248 2425 sorbentis

185 2479 289 2538 estus
298 2490 431 2563 vorago
443 2462 589 2535 collidit
598 2460 733 2533 Eadem
742 2486 866 2533 caussa
875 2464 983 2534 etiam
993 2467 1105 2533 AEtnae
1115 2464 1250 2535 montis
1265 2502 1296 2559 14

185 2590 379 2675 perpetuos
407 2576 509 2671 ignes
529 2571 624 2645 lacit.
648 2576 741 2645 Nam
764 2598 940 2671 aquarum
969 2574 1028 2645 ille
1051 2600 1251 2647 concursus
1266 2614 1297 2665 ,5

186 2702 329 2784 raptum
343 2708 466 2757 secum
480 2687 646 2783 spiritum
659 2686 824 2757 inimum
836 2683 992 2765 luridum
1004 2686 1130 2775 trahit,
1143 2701 1252 2785 atque

187 2794 238 2867 ibi
260 2795 480 2869 suffocatum
500 2796 638 2869 tamdiu
662 2810 784 2884 tenet,
805 2794 934 2867 donec.
947 2824 1012 2896 per
1034 2800 1253 2897 spiramenta

188 2905 311 3005 [terre
327 2906 498 2993 diffirsus,
511 2903 755 3003 nutrimenta]
771 2907 864 3005 ignis
884 2908 1066 2982 incendat.
1082 2915 1158 2982 Jam
1177 2913 1253 3009 ipsa
1268 2948 1300 2999 ,6

187 3018 296 3089 ltaliae
328 3016 526 3116 Siciliaeque
555 3016 741 3107 vicinitas,
771 3014 888 3117 [jam]
916 3024 1254 3119 promontoriorum

143 3200 147 3209 '
222 3196 704 3273 9.Proculuidentidur.Proeleruntsua·
743 3205 849 3256 ceruleis
862 3204 961 3259 candus
972 3210 1109 3259 monartio
1119 3226 1196 3269 εακας
1207 3224 1256 3259 un·

190 3280 268 3335 dente
289 3281 392 3336 Graevio
415 3280 562 3344 visentibus,
582 3279 656 3353 quod
675 3277 704 3332 in
743 3279 778 3333 de
787 3282 840 3336 hoe
850 3284 1107 3356 loculatruturpotest
1115 3286 1255 3355 explicari,

190 3360 267 3415 MSS.
278 3374 306 3414 et
313 3361 447 3432 impressis
455 3356 614 3432 quibusdam
622 3354 703 3413 habe·
743 3363 905 3413 etsimulacra
913 3364 1023 3415 monstri
1032 3364 1169 3434 (Scyllae),
1182 3365 1257 3435 cujus

191 3449 243 3502 tur,
250 3458 333 3510 quum
339 3438 424 3509 magis
430 3436 602 3490 attentionem
609 3434 703 3489 viden·
743 3450 820 3491 utero
830 3458 906 3491 cenes
920 3440 1003 3493 inesse
1015 3439 1198 3493 credebantur.

191 3516 224 3568 tir
235 3517 366 3581 insinuet,
376 3534 433 3587 que
444 3515 489 3567 bic
499 3514 629 3569 innuitur.
641 3532 687 3567 ιι).
782 3519 822 3570 ι5.
837 3522 920 3569 Donec
931 3536 1006 3588 per...
1024 3518 1145 3569 incendas.
1166 3520 1258 3571 Donec

227 3612 267 3649 ιο.
284 3593 407 3645 vadam
419 3614 496 3666 porro
509 3607 560 3646 etc.
581 3593 703 3665 Descrip-
742 3592 1258 3666 ignisperspiramentaincendat.Quid?

190 3671 228 3723 tio
243 3672 359 3742 poetica,
371 3672 457 3742 qualis
474 3670 619 3742 Virgiliana
639 3672 702 3724 AEn.
743 3674 784 3725 Ex
797 3692 873 3744 pree.
888 3673 975 3743 suppl.
992 3684 1058 3725 esset
1069 3677 1176 3743 spiritum
1198 3676 1256 3729 Uu-

192 3748 222 3814 1,
235 3770 262 3803 v.
276 3754 408 3821 105·107,
419 3750 481 3816 111,
493 3772 520 3803 v.
532 3750 660 3814 tar-423.
737 3746 782 3804 'cis
792 3764 879 3804 autem
887 3749 996 3815 deletis,
1005 3749 1102 3805 additis
1113 3772 1127 3803 a
1137 3752 1256 3809 Gronov.

228 3830 409 3901 13.Scyllnmet
419 3828 566 3902 Charybdin.
579 3827 630 3881 Adi
640 3830 703 3880 meir
745 3848 811 3893 aro,
823 3830 901 3881 unius
911 3828 973 3881 cod.
984 3830 1152 3896 auctoritate,
1163 3831 1192 3885 in
1203 3852 1258 3904 quo

190 3906 273 3959 lister.
285 3907 399 3971 Handb„
414 3908 460 3960 ubi
472 3908 525 3962 vol.
539 3906 583 3971 ll,
595 3927 621 3977 p.
636 3908 704 3971 231,
743 3906 799 3961 lino
809 3907 887 3960 verbu
897 3907 1004 3971 absunt,
1015 3908 1116 3979 explica
1127 3910 1176 3965 ita:
1188 3930 1259 3983 aque

190 3984 249 4038 loca
261 3987 391 4038 Veterum
404 3982 438 4038 de
450 3984 493 4038 his
507 3985 647 4049 monstris,
660 3996 706 4035 rut
746 3986 872 4057 absorpta
893 3998 920 4037 et
943 4004 992 4057 per
1016 3987 1136 4058 spiritum
1159 3989 1260 4044 diffuse

191 4062 706 4134 potiusrorticibnslaudrvi,ubi,verbi
747 4062 895 4117 incendunt
915 4064 1076 4119 nutrimenta
1096 4068 1166 4139 iguis
1188 4070 1258 4137 (sul-

191 4158 297 4208 caum,
309 4160 342 4193 ex
353 4141 431 4213 Virg.
444 4144 506 4197 AEu.
519 4140 585 4205 111,
594 4161 620 4195 v.
639 4140 706 4207 432,
749 4142 820 4215 phur
834 4155 859 4195 et
872 4142 990 4195 bitumen
1003 4146 1026 4213 §-
1039 4146 1077 4217 ³).

1047 4268 1088 4315 10
