2967 4684
234 321 301 406 248
566 358 570 367 ⁴
651 322 860 391 JUSTINI

232 428 392 525 invidiae,
420 454 596 536 quantum
626 442 721 539 apud
752 456 898 513 eaeteros
926 442 1060 515 amicos
1087 456 1222 513 metum
1249 456 1286 514 et

189 566 221 618 13
234 552 357 622 odium
378 551 430 619 sui
451 545 576 621 fecerit
590 577 598 619 ε
614 574 719 647 quam
741 576 902 623 amarum
923 566 959 622 et
978 554 1078 622 triste
1092 551 1287 623 reddiderit

234 663 439 732 convivium
455 685 579 749 suum,
597 686 673 731 non
692 676 848 733 armatus
864 664 902 732 in
919 663 1009 750 acie,
1024 686 1133 759 quam
1148 662 1186 729 in
1203 686 1286 732 con·

191 772 327 852 revivio
354 769 680 861 terribilior2Tunc
709 773 924 843 Parmenion
945 786 982 843 et
1002 770 1178 858 Philotas,
1198 785 1287 841 ωηο

235 886 406 976 Amyntas
421 881 680 967 consobrinus,
694 897 782 953 ωηο
796 906 951 952 noverca
964 880 1163 977 fratresque
1176 880 1287 950 inter·

234 988 318 1060 fecti
341 1018 348 1059 :
371 1005 460 1063 tunc
490 989 643 1079 Attalus,
663 990 908 1088 Eurylochus,
930 992 1138 1077 Pausanias,
1153 987 1288 1085 ,aliique

191 1114 222 1168 15
236 1100 454 1172 Macedoniae
474 1104 640 1172 exstincti
660 1104 842 1201 principes
858 1100 1108 1173 occurrebant.
1128 1097 1186 1170 Ob
1210 1096 1289 1167 haec

235 1212 284 1281 illi
304 1212 496 1310 quatriduo
515 1229 737 1311 perseverato
755 1213 875 1284 inedia
891 1228 961 1302 est,
976 1211 1094 1282 donec
1113 1210 1302 1299 exercitus,

235 1326 394 1395 universi
424 1324 592 1423 precibus
621 1340 787 1395 exoratus
814 1336 886 1411 est,
910 1322 1106 1421 precantis,
1129 1349 1147 1384 α
1162 1321 1217 1388 Ne
1240 1318 1291 1386 ita

193 1450 225 1500 m
238 1448 392 1504 mortem
412 1437 518 1505 unius
540 1435 676 1521 doleat,
694 1450 735 1505 ut
757 1437 945 1505 universos
967 1430 1120 1530 perdat:
1139 1454 1230 1526 quos
1249 1429 1290 1497 in

237 1544 398 1615 ultimam
426 1544 600 1615 deductos
622 1544 843 1635 Barbariam,
865 1545 961 1614 inter
980 1540 1127 1612 infestas
1152 1554 1187 1609 et
1213 1538 1292 1607 irri-

193 1688 226 1740 17
240 1668 328 1723 tatas
354 1652 450 1724 bello
480 1668 623 1751 gentes,
648 1653 856 1724 destituat.»
882 1654 1036 1724 Multum
1064 1650 1230 1750 profuere
1256 1663 1292 1719 et

238 1760 464 1834 Callisthenis
491 1763 698 1861 philosophi
722 1788 864 1862 preces,
886 1764 1172 1861 condiscipulatu
1190 1759 1293 1859 'apud

242 1872 465 1943 Aristotelem
493 1872 672 1961 familiaris
695 1874 764 1962 illi,
787 1890 824 1944 et
848 1889 935 1945 ωηο
963 1872 1010 1943 ab
1035 1875 1114 1971 ipso
1140 1896 1224 1971 rege
1248 1870 1293 1942 ad

197 2006 228 2056 rs
240 1980 428 2077 prodenda
445 1986 625 2053 memoriae
644 1998 721 2055 acta
740 1986 815 2079 ejus
834 1986 977 2055 accitus.
992 1986 1171 2055 Revocato
1188 1985 1295 2081 igitur

240 2092 285 2161 ad
300 2091 434 2161 bellum
451 2094 588 2181 anim0,
602 2093 819 2166 Chorasmos
832 2109 868 2166 et
881 2093 1001 2165 Dahas
1018 2095 1057 2163 in
1075 2092 1295 2164 deditionem

241 2219 389 2302 acccprt.

217 2354 228 2391 t
291 2318 364 2385 Vll.
384 2314 540 2404 Deinde,
558 2315 658 2412 quod
676 2317 794 2413 primo
814 2340 859 2386 ex
879 2299 1022 2387 Persico
1043 2311 1219 2410 superbiae
1239 2332 1296 2381 re·

243 2427 306 2521 giae
333 2450 433 2497 more
457 2426 662 2513 distulerat,
687 2451 734 2497 ne
758 2429 879 2497 omnia
908 2427 1040 2523 pariter
1067 2421 1297 2493 invidiosiora

243 2551 380 2624 essent,
396 2562 472 2607 non
489 2532 650 2624 salutari,
663 2537 725 2608 sed
743 2537 884 2608 adorari
906 2562 944 2607 se
962 2535 1074 2631 jubet
1097 2534 1297 2644 Acerrimus

246 2762 297 2827 ejus
308 2763 418 2811 secretior
432 2764 457 2811 iu
468 2761 563 2825 sabulis
573 2762 639 2826 Μ,
654 2762 752 2815 Tibull.
793 2759 923 2813 occiderat
938 2758 992 2824 ΙΧ,
1003 2763 1020 2812 6
1033 2770 1061 2810 et
1070 2757 1105 2827 7?
1117 2758 1151 2810 At
1163 2758 1236 2809 hunc
1248 2776 1299 2811 nee

245 2838 322 2907 Eleg.
342 2838 371 2901 1,
391 2846 472 2901 άτηο
489 2839 563 2890 turbis
577 2840 667 2904 subula
680 2838 752 2908 fiam.
793 2841 848 2911 ipse
859 2836 990 2890 occiderat
1003 2835 1070 2905 (vid.
1085 2848 1141 2890 not.
1154 2835 1255 2903 ale,
1268 2857 1298 2908 7,

245 2914 365 2985 Propert.
380 2916 452 2986 Eleg.
468 2916 496 2979 1,
515 2917 560 2981 15,
581 2917 660 2981 dixit,
678 2920 752 2970 disto-
796 2921 856 2986 ιο),
870 2934 918 2969 nec
929 2916 1034 2989 injuste.

246 2990 543 3059 riainfieri51uven.X,
557 3014 583 3047 v.
597 2998 658 3065 167,
671 2996 753 3047 decla·
831 2996 869 3049 15.
892 3001 931 3047 Ne
951 3000 986 3047 ito
1008 3001 1104 3046 mortem
1124 2996 1194 3046 unius
1210 2994 1299 3046 doleat.

246 3074 379 3121 mationem.
392 3089 437 3123 nn.
794 3073 905 3127 Codices
914 3075 1023 3146 quidem
1035 3076 1111 3127 MSS.
1119 3076 1300 3145 ,testeBong.,

285 3153 325 3210 115.
347 3148 513 3199 Consobrinus.
533 3150 584 3201 Aut
601 3151 689 3221 potius
706 3169 753 3221 pa·
793 3158 943 3206 morteuuius
952 3156 1051 3206 doleat:
1064 3152 1138 3225 quod
1147 3172 1220 3225 reque
1230 3165 1300 3206 recte

246 3226 345 3277 truelis.
357 3226 460 3279 Dicitur
468 3227 539 3278 cuim
547 3226 675 3279 Perdiccae
685 3228 755 3281 lilius
794 3230 900 3284 dicitur.
909 3252 955 3284 ru.
964 3232 1100 3284 -Perdat
1112 3232 1230 3283 Gronov.
1238 3248 1302 3283 orus

248 3304 395 3374 (eurevl,
409 3325 448 3371 ro,
457 3312 515 3375 τά),
527 3318 555 3358 ut
569 3307 602 3358 sit
615 3307 683 3359 lilius
693 3307 755 3359 Per-
794 3310 1004 3381 mavultprodot,·
1014 3312 1074 3362 coll.
1089 3308 1171 3371 XIX,
1181 3309 1212 3371 3,
1226 3326 1266 3359 ιο.

247 3380 329 3436 dicen
340 3384 424 3447 illius,
439 3402 531 3456 quern,
543 3386 633 3436 relicto
644 3386 756 3455 parvulo
833 3406 873 3456 ¹7·
882 3388 1038 3439 Callutlrem‘s.
1044 3386 1099 3449 Qui
1104 3384 1234 3436 referente
1243 3384 1303 3435 Plu·

247 3462 320 3527 filio,
333 3462 442 3534 periisse
464 3464 559 3514 Noster
576 3482 654 3534 supra
667 3462 758 3515 retulit
796 3466 888 3518 tarcbo
895 3467 923 3518 in
933 3466 984 3517 vita
993 3466 1067 3529 Alex.
1076 3482 1133 3533 cap.
1145 3464 1191 3526 5ο,
1200 3461 1302 3533 placido

250 3543 322 3608 v11,
336 3546 366 3607 5,
383 3546 408 3596 8.
424 3544 462 3593 De
479 3543 529 3594 illis
541 3542 640 3611 respice
652 3558 710 3613 cop.
725 3545 757 3607 ⁵,
796 3556 823 3594 et
834 3542 951 3595 modesta
968 3544 1086 3595 oratione
1104 3540 1221 3592 animum
1232 3540 1303 3610 regis

249 3622 276 3673 3.
287 3628 443 3672 -Norercu
456 3621 592 3690 Cleopatra
606 3618 659 3683 lX,
671 3636 696 3689 7,
711 3637 756 3684 ¹²3
796 3621 923 3691 erigebat.

249 3702 324 3768 cujus
338 3700 406 3753 lilius
421 3700 546 3772 parvulus
562 3698 617 3761 XI,
632 3716 662 3762 a,
681 3699 707 3751 3.
721 3728 756 3738 -
831 3698 898 3748 vlt.
915 3714 939 3749 r.
953 3696 1066 3747 Adororr'.
1078 3695 1189 3765 llespice
1201 3694 1257 3759 vl,
1273 3712 1303 3759 a,

249 3776 354 3828 Attalus.
370 3778 478 3849 Respice
499 3776 553 3840 xl,
575 3794 603 3839 a,
619 3794 630 3827 r
645 3787 701 3827 not.
721 3806 756 3817 ·-
799 3777 840 3830 13.
850 3770 1304 3841 Construeautemverboitr:quod

250 3855 406 3923 Eurylochus.
424 3858 511 3919 Quem
524 3854 710 3924 conjurationis
722 3854 755 3906 ab
795 3852 883 3926 primo
895 3851 1045 3915 distulerat,
1058 3868 1092 3903 ne
1105 3850 1193 3901 omnia
1205 3849 1304 3920 pariter

250 3930 390 3984 Hermolao
403 3946 492 3984 contra
501 3930 676 3985 Alexandrum
686 3932 756 3984 inito
795 3930 966 3984 invidiosiora
978 3941 1078 3993 essent,
1090 3930 1144 3997 jam
1156 3946 1188 3980 ex
1199 3927 1303 3979 Persico

250 4008 364 4061 indicem
374 4010 474 4081 prolert
486 4012 558 4063 Curt.
570 4010 657 4075 Vlll,
669 4014 698 4075 6,
709 4028 755 4063 ao·
796 4008 924 4080 superbior
934 4007 1014 4077 regite
1028 4024 1102 4061 more
1114 4022 1142 4060 se
1150 4006 1227 4078 jubet
1237 4003 1302 4058 edo·

252 4091 292 4141 26.
304 4092 489 4139 -Pausanian
505 4090 574 4141 Num
591 4088 637 4160 qui
654 4100 755 4161 patrem
795 4086 1049 4156 rari(VI,a,13).
