2967 4684
413 376 794 449 HISTORIARUM
820 382 977 450 LIBER
1002 384 1051 449 Il.
1198 404 1267 477 117

198 502 346 575 tandem
360 504 511 602 Hippias
523 525 636 600 regno
650 501 795 599 pulsus,
813 504 852 573 in
869 502 1032 574 exsilium
1050 503 1188 599 agitur:
1203 505 1282 601 qui7
1365 546 1369 551 -
1394 592 1399 607 Ι

196 611 382 712 profectus
402 614 440 683 in
459 618 599 696 Persas,
617 613 747 683 ducem
765 639 802 685 se
825 615 953 699 Dario,
967 610 1138 683 inferenti
1156 613 1266 685 Athe·

197 724 386 814 niensibus
403 723 559 811 bellum,
580 726 686 795 sicuti
709 750 819 822 supra
842 723 1084 821 significatum
1107 740 1180 813 est,
1194 726 1266 797 'ad-

196 859 321 905 versus
335 837 488 932 patriam
500 860 602 907 suam
613 832 731 907 offert.
745 837 859 933 Igitur
873 834 1127 924 Athenienses,
1141 836 1294 912 auditos

197 946 297 1015 Darii
319 945 495 1035 adventu,
517 946 689 1016 auxilium
707 971 728 1016 a
746 943 1045 1031 Lacedaemoniis,
1071 949 1265 1019 sociatum

198 1056 357 1135 civitate,
377 1060 594 1154 petiverunt.
616 1059 717 1145 Quos
733 1055 798 1126 ubi
814 1056 987 1128 viderunt
1007 1057 1191 1155 quatridui
1215 1073 1295 1147 tte-9

197 1167 276 1236 neri
293 1166 486 1263 religione,
502 1192 582 1237 non
596 1170 804 1264 exspectato
826 1166 977 1255 auxilio,
999 1169 1184 1239 instructis
1205 1167 1266 1239 de-

198 1300 276 1347 cem
305 1276 465 1349 millibus
493 1279 646 1363 civium,
679 1292 716 1347 et
746 1276 1002 1349 Plataeensibus
1033 1278 1267 1351 auxiliaribus
1306 1270 1309 1278 ¹

195 1386 311 1475 mille,
333 1387 503 1459 adversus
524 1394 693 1458 sexcenta
716 1385 827 1457 millia
852 1385 1031 1476 hostium,
1057 1390 1095 1458 in
1120 1412 1267 1485 campos

195 1495 446 1567 Marathonius
460 1496 499 1564 in
513 1495 676 1592 pralium
690 1494 935 1591 egrediuntur.
951 1496 1129 1568 Miltiades
1143 1514 1180 1568 et
1191 1498 1266 1569 dux
1280 1536 1313 1573 ιο

196 1604 396 1694 bellierat,
418 1620 455 1677 et
475 1608 603 1677 auctor
627 1630 704 1677 non
725 1606 959 1705 exspectandi
983 1608 1104 1678 auxilii
1125 1636 1132 1678 :
1156 1634 1265 1705 quem

195 1730 298 1787 tanta
321 1714 455 1787 fiducia
473 1710 635 1813 ceperat,
648 1729 693 1795 ⁴ut
714 1714 797 1813 plus
821 1715 976 1814 praesidii
998 1719 1037 1787 iu
1064 1717 1266 1804 celeritate,

195 1851 305 1923 quam
321 1830 361 1897 in
378 1829 484 1900 sociis
501 1824 657 1897 duceret
677 1830 810 1922 Magna
822 1827 930 1923 igitur
946 1828 986 1897 in
1000 1850 1161 1924 pugnam
1176 1852 1266 1898 euu-
1279 1864 1308 1901 ιι

194 1937 291 2011 tibus
315 1938 479 2010 alacritas
502 1941 708 2009 animorum
729 1936 820 2026 fuit,
839 1936 929 2009 adeo
953 1952 1009 2025 ut,
1030 1963 1144 2035 quum
1167 1938 1266 2009 mille

193 2074 319 2147 passus
334 2053 430 2121 inter
442 2049 532 2121 duas
548 2051 643 2120 acics
660 2062 804 2135 esseut,
823 2050 932 2119 citato
956 2072 1065 2119 cursu
1086 2063 1170 2119 ante
1188 2050 1264 2145 jac·

193 2172 270 2230 tum
287 2164 494 2256 sagittarum
509 2160 556 2231 ad
572 2158 715 2230 hostem
728 2161 905 2229 venerint.
920 2162 998 2230 Nec
1011 2156 1167 2229 audaciae
1186 2159 1264 2252 ejus

193 2284 345 2339 eventus
363 2268 487 2341 deluit
511 2273 712 2365 Pugnatum
735 2282 789 2338 est
809 2270 907 2339 enim
934 2283 1033 2341 tauta
1051 2270 1204 2354 ¹virtute,
1223 2282 1263 2338 ut
1277 2298 1309 2332 n

192 2377 282 2450 hinc
300 2382 413 2467 viros,
425 2378 512 2450 inde
525 2378 686 2477 pecudes.
697 2392 851 2476 patarea.
865 2380 957 2447 Victi
972 2382 1086 2448 Persae
1100 2380 1140 2447 in
1153 2401 1263 2449 naves
1278 2392 1308 2444 13

194 2487 469 2589 confugerunt:
497 2514 541 2562 ex
574 2488 708 2588 qubus
741 2487 864 2561 multae
895 2510 1113 2588 suppressae,
1142 2488 1262 2560 multae

228 2682 302 2733 6.1n
324 2678 445 2730 exsilium.
463 2677 600 2731 Concessit
621 2690 708 2731 autem
785 2679 810 2729 8.
838 2636 917 2749 Igitlar
933 2679 1101 2741 Athenienses,
1127 2690 1177 2731 etc.
1199 2678 1261 2751 Seq.

192 2756 303 2829 Hippias
312 2776 373 2810 cum
384 2756 613 2829 suisinSigeum,
648 2774 708 2809 ero·
749 2756 821 2808 conf.
835 2757 940 2810 Cornel.
954 2752 981 2809 lu
995 2756 1065 2809 Milt.
1080 2755 1138 2821 4-5.

192 2834 584 2906 dot.V,65et94.-AnnoU
615 2836 707 2909 μή
784 2846 810 2903 9.
829 2835 952 2905 religione
972 2834 1103 2908 qrmtridui.
1121 2834 1178 2886 Lea
1190 2836 1262 2889 enirn

193 2915 722 3072 stitttltttitttsstlttt
747 2914 1262 3065 ttljtttttttzt'ttltt‘tiittt

195 3068 336 3135 demonii,
352 3074 402 3141 per
418 3088 486 3141 quos
500 3071 608 3124 eosdem
622 3070 706 3143 adjuti
748 3070 819 3143 apud
829 3072 975 3124 Germanos
987 3072 1050 3134 luit,
1065 3070 1195 3123 referente
1205 3072 1261 3123 Cae·

193 3146 366 3199 Athenienses
378 3165 440 3199 eum
460 3150 632 3219 expulerant,
651 3149 705 3202 He·
749 3168 804 3201 sare
813 3150 878 3203 Bell.
895 3150 962 3203 Gall.
974 3148 1003 3214 1,
1018 3150 1069 3213 5o,
1079 3152 1112 3211 ts
1120 3148 1191 3219 apud
1206 3150 1261 3202 Hc*

191 3223 281 3277 rodot.
290 3224 331 3289 V,
344 3242 395 3291 91,
405 3244 494 3297 seqq.;
505 3228 566 3279 coll.
577 3232 612 3292 64
624 3240 651 3280 et
663 3230 706 3282 65.
748 3228 846 3281 bracos:
857 3228 958 3279 subbato
968 3248 998 3279 ne
1004 3239 1129 3298 prsgrsato,
1141 3228 1261 3279 lllachah.

192 3302 356 3374 Aristagoras
368 3315 455 3356 autem
463 3306 568 3369 ,Mileti
579 3325 706 3377 procura·
749 3305 779 3371 1,
791 3324 848 3378 cap.
862 3328 891 3370 a,
907 3308 948 3369 34.
967 3308 1008 3357 De
1020 3306 1064 3357 illa
1076 3305 1146 3357 conl.
1161 3302 1262 3356 Herod.

193 3394 244 3447 tor,
251 3401 335 3453 quum
343 3383 446 3435 Ioniam
454 3384 484 3437 in
493 3384 641 3438 libertatem
649 3386 707 3439 vin·
748 3382 807 3451 vl,
823 3388 872 3437 106
887 3395 913 3436 et
931 3402 994 3444 sanz
1012 3382 1222 3446 Pausan.1,28,
1238 3396 1262 3444 4.

193 3460 282 3514 dicare
290 3462 705 3534 statuissct(HerodV,30·38);
786 3482 825 3516 ιο.
839 3494 873 3503 -
883 3464 960 3516 Anno
972 3462 1053 3515 Urbis
1067 3466 1127 3525 264.

193 3539 338 3611 ineamque
346 3559 403 3593 rem
411 3541 507 3595 frustm
517 3542 707 3613 Spartanorum
786 3559 827 3595 11.
842 3540 960 3593 Audurr'oe
971 3544 1031 3611 ejus.
1044 3540 1096 3591 Pro
1108 3542 1175 3609 ejus,
1189 3540 1263 3611 quod

193 3618 323 3671 auxilium
341 3618 522 3691 implorasset,
534 3639 593 3693 cap.
607 3622 707 3689 49-553
748 3638 803 3673 nou
819 3618 915 3683 habet,
933 3637 987 3689 quo
999 3618 1143 3682 referatur,
1159 3618 1263 3690 corrige

193 3697 228 3749 ab
241 3697 443 3752 Atheniensium
457 3711 545 3753 autem
557 3701 660 3772 populo
675 3717 708 3752 no
750 3717 811 3751 cum
820 3696 938 3749 Acidalio
947 3696 980 3748 ad
990 3697 1060 3749 Vell.
1072 3696 1120 3763 11,
1136 3698 1184 3763 55,
1197 3710 1264 3763 a,at

193 3794 274 3829 naves
299 3776 375 3828 facile
401 3778 584 3848 impetrasset,
610 3778 707 3849 quibus
750 3780 903 3831 Burmanno
918 3776 1044 3829 hocloco
1057 3796 1121 3831 sum.

191 3853 277 3922 juncti
287 3855 373 3919 lones,
383 3855 478 3909 Sardes
486 3869 574 3927 captas
581 3854 706 3909 incendio
786 3876 825 3909 η.
833 3859 925 3907 Hinc...
935 3854 1000 3907 iude.
1010 3857 1063 3906 Aut
1071 3856 1159 3927 potius
1168 3868 1199 3909 ut
1206 3858 1264 3929 qut-

194 3930 285 3983 delent
298 3951 341 3985 sn.
357 3936 426 3998 254:
440 3934 536 3986 Darius
548 3934 656 3989 tandem
665 3936 707 3988 lris
748 3934 809 3989 dam
822 3932 940 3999 codices,
954 3936 1021 3986 hic...
1035 3934 1092 3987 illic.

193 4010 303 4081 aliisque
316 4012 412 4064 massis
421 4011 455 4063 ad
462 4013 527 4065 iram
537 4027 705 4084 provocatus,
786 4016 829 4067 13.
844 4020 985 4085 Suppressoe.
1004 4013 1096 4065 Plures
1115 4010 1194 4065 codd.
1214 4012 1262 4064 lra-

193 4088 293 4140 bcllum
300 4089 706 4156 Atheniensibusiufertanatid.
748 4094 811 4146 bent
825 4092 951 4143 submersas
971 4104 1017 4144 aut
1037 4110 1178 4143 swumersoe.
1199 4090 1262 4143 Non

195 4166 275 4220 Cous.
289 4166 419 4223 herodot.
432 4169 504 4236 vn,
517 4171 575 4225 133.
750 4170 872 4243 displicet
884 4183 972 4225 autern
984 4172 1067 4246 Vulg.
1082 4171 1141 4228 Lis.
1152 4169 1218 4235 XX,
1233 4186 1264 4237 9:
