2967 4684
327 387 708 462 HISTORIARUM
733 389 893 460 LIBER
917 391 1067 459 XLIII.
1162 385 1231 462 515

169 518 286 588 Marte
308 525 522 610 conceptos,
543 513 649 582 enixa
671 524 733 582 est.
756 513 839 601 Quo
861 517 1027 610 cognito,
1049 512 1262 601 Amulius,t

169 623 406 722 multiplicato
428 638 529 694 metu
549 637 732 720 proventu
751 621 938 711 duorum,
945 647 1078 722 pueros
1100 626 1232 722 exponi

167 735 288 831 jubet,
301 747 338 805 et
356 733 511 833 puellam
528 733 684 804 vinculis
702 747 846 822 onerat,
863 757 907 804 ex
927 757 1085 831 quorum
1101 734 1234 828 injuria
1260 723 1267 746 ¹

171 847 340 918 decessit..
353 845 429 918 'Sed
451 844 614 934 fortuna,
635 846 767 941 origini
792 851 963 916 Romanae
990 846 1263 944 prospiciens,5

171 981 305 1056 pueros
327 957 422 1055 lupa
443 957 591 1029 alendos
615 955 774 1028 obtulit:
799 951 895 1053 quae,
924 957 1061 1028 amissis
1089 953 1236 1042 catulis,

172 1066 327 1141 distenta
338 1066 453 1139 ubera
469 1070 655 1139 exinanire
674 1071 843 1166 cupiens,
861 1069 1040 1138 nutricem
1060 1093 1097 1138 se
1116 1065 1237 1137 insan-

172 1177 270 1250 tibus
293 1178 457 1278 praebuit
478 1183 600 1270 Quum
625 1181 755 1277 sepius
781 1178 826 1249 ad
853 1178 1037 1276 parvulos,
1058 1179 1168 1250 veluti
1191 1178 1266 1249 ado

174 1290 329 1379 catulos,
345 1305 605 1378 reverteretur,
622 1313 700 1361 rem
720 1290 908 1362 Faustulus
932 1304 1055 1388 pastor
1077 1289 1238 1360 animad-

173 1403 301 1489 vertit,
334 1399 613 1498 subtractosque
647 1399 731 1471 serae
772 1406 869 1473 inter
905 1425 1029 1498 greges
1064 1423 1239 1498 pecorum

173 1513 304 1608 agresti
322 1513 394 1582 vita
412 1513 574 1582 nutrivit.
587 1513 736 1583 Martios
759 1527 892 1610 pueros
908 1510 1036 1599 fuisse,
1051 1515 1123 1581 sive
1139 1509 1267 1607 quod?

175 1622 214 1690 in
237 1618 321 1702 luco
339 1623 464 1693 Martis
486 1624 584 1692 enixi
602 1637 707 1711 sunt,
725 1624 799 1703 sive
824 1621 962 1720 quoda
981 1621 1083 1720 lupa,
1101 1645 1181 1717 quae
1200 1610 1248 1689 in'

174 1732 286 1804 tutela
300 1733 424 1804 Martis
437 1745 507 1819 est,
522 1734 670 1820 nutriti,
688 1733 786 1803 velut
804 1731 1002 1804 manifestis
1021 1733 1241 1828 argumentis

175 1843 365 1915 creditum.
376 1845 535 1914 Nomina
548 1844 686 1940 pueris,
699 1843 801 1913 alteri
820 1850 952 1929 Remo,
968 1840 1068 1911 alteri
1086 1841 1241 1912 Romulo

175 1952 285 2027 fuere.
311 1953 449 2026 Adultis
472 1957 569 2025 inter
595 1968 778 2052 pastores,
800 1953 845 2023 de
872 1955 1006 2022 virtute
1031 1951 1270 2049 quotidianas

176 2068 391 2154 certamina,
400 2079 437 2135 et
444 2067 540 2135 vires
548 2079 585 2134 et
594 2064 845 2161 pernicitatem
854 2085 995 2132 auxere.
1004 2062 1118 2157 Igitur
1128 2086 1240 2158 quum
1255 2088 1271 2136 9

176 2174 338 2245 latrones
360 2197 381 2243 a
403 2176 531 2271 rapina
555 2195 731 2269 pecorum
757 2172 934 2243 industrie
959 2166 1242 2268 frequenterque

177 2283 456 2370 submoverent,
477 2281 612 2351 Remus
636 2279 683 2351 ab
709 2281 836 2352 iisdem
865 2280 1069 2352 latronibus
1099 2297 1243 2379 captus,

176 2393 287 2464 veluti
302 2395 381 2491 ipse
396 2406 505 2480 esset,
521 2391 622 2489 quod
640 2394 680 2461 iu
699 2391 778 2462 aliis
794 2390 1031 2490 prohibebat,
1044 2394 1118 2488 regi
1139 2390 1245 2462 offer-

178 2516 239 2572 tur
252 2529 263 2573 :
277 2503 421 2574 crimini
441 2501 565 2592 datur,
585 2504 687 2601 quasi
710 2524 835 2600 greges
855 2503 1054 2575 Numitoris
1074 2499 1244 2574 infestare

178 2613 306 2685 solitus
327 2628 430 2685 esset.
451 2618 556 2685 Tunc
573 2637 594 2684 a
613 2635 698 2710 rege
713 2615 896 2686 Numitori
914 2615 952 2682 in
972 2613 1151 2684 ultionem
1174 2631 1245 2686 tra·

178 2725 285 2797 ditur.
306 2727 375 2798 Sed
392 2730 561 2800 Numitor
583 2727 826 2798 adolescentia
836 2727 980 2822 juvenis
995 2739 1197 2825 permotus,
1209 2741 1245 2798 et
1260 2753 1291 2788 ιο

179 2839 219 2907 in
238 2841 484 2936 suspicionem
496 2840 650 2938 expositi
664 2839 809 2937 nepotis
823 2837 1017 2926 adductus,
1030 2861 1143 2934 quum
1162 2863 1245 2907 eum

180 2971 282 3018 nunc
293 2947 597 3021 lineamentorum
608 2948 689 3021 filiae
700 2947 914 3036 similitudo,
926 2973 1028 3020 nunc
1041 2963 1124 3019 aetas
1137 2973 1246 3046 expo-
1322 2959 1324 2962 ’

179 3057 322 3127 titionis
354 3059 581 3156 temporibus
614 3085 846 3159 congruens,
877 3061 1026 3132 anxium
1058 3074 1246 3148 tenerent,

217 3308 242 3360 ⁵.
256 3312 379 3371 ronam,
399 3311 490 3378 arigim
504 3315 618 3361 lionam
634 3327 693 3382 pro·
760 3311 1248 3384 8.Adultis...deeirtutequotidiumcer

180 3386 423 3458 peanitentiae
430 3389 536 3440 bruun.
547 3387 598 3452 IV,
606 3388 693 3459 princ.
733 3395 833 3456 tamine,
845 3393 966 3443 etoires...
974 3409 1070 3442 auxere.
1080 3391 1180 3457 Quum,
1189 3404 1248 3444 uter

179 3463 429 3536 ortensurus,quod
733 3470 845 3521 :lterum
854 3469 950 3522 virtute
959 3481 985 3521 et
992 3469 1088 3520 robore
1097 3481 1248 3539 superaret,

180 3550 227 3592 rm
234 3553 641 3605 mutarier-,mmmmm
734 3546 854 3620 quotidie
871 3547 939 3598 inter
957 3563 984 3598 se
1002 3557 1146 3598 certarent:
1163 3546 1247 3612 Ven,

180 3623 401 3696 postenmbjicit:
734 3627 819 3697 Bong.
833 3636 860 3677 et
872 3643 953 3695 marg.
966 3624 1023 3675 Col.
1038 3623 1123 3675 adtrlti.

181 3737 208 3777 te
219 3738 254 3777 ἡ
262 3739 301 3779 m·
309 3739 376 3778 dm
384 3738 434 3790 ¹0⁸0·
442 3739 523 3791 'im
532 3739 634 3791 mm.
770 3723 796 3773 9.
810 3711 863 3776 Ipse
874 3713 942 3754 esset,
956 3701 1076 3756 Graevius
1084 3703 1181 3773 corrigi
1190 3705 1248 3756 vult

181 3799 600 3854 regimina-hunstrojmtuno
729 3784 840 3849 fecisset,
862 3799 944 3855 quum
965 3792 1066 3832 veteres
1085 3782 1246 3854 loquantur:

181 3862 398 3904 mmmm
408 3864 580 3915 miamin,
733 3862 791 3932 ipse
807 3878 855 3931 ogo
877 3859 931 3912 scil.
946 3858 1031 3924 facio,
1051 3858 1124 3930 quod
1142 3860 1170 3912 in
1190 3861 1247 3914 aliis

181 3929 223 3964 ⁴⁸²
230 3926 383 3981 ¹⁰¹'‘¹''⁰l“⁸⁰⁸
390 3925 561 3966 ⁰¹⁸¹¹⁸¹“¹¹⁸¹¹³'
568 3927 645 3969 '‘¹¹¹“
659 3938 693 3964 ¹⁸·
733 3940 878 4009 prohibe03
887 3957 941 3991 non
951 3938 1013 3989 item
1023 3955 1030 3988 :
1039 3937 1163 4008 ipserum,
1173 3937 1247 4010 quod

217 4038 243 4091 7.
266 4022 394 4074 Creditum.
412 4026 459 4073 fat
474 4019 577 4074 addunt
594 4018 656 4073 edd.
679 4021 693 4073 t
735 4018 873 4089 prohibeo.
886 4017 985 4068 Confer
994 4027 1080 4068 tamen
1090 4015 1204 4081 XVlll,
1217 4019 1247 4082 3,

184 4109 238 4149 ant.
254 4099 332 4152 bene.
346 4101 399 4152 Pro
420 4104 523 4153 Hartim
544 4099 696 4154 Sebefferus
737 4115 763 4166 7,
775 4097 820 4150 ubi
831 4098 943 4169 legimur
954 4113 961 4147 :
972 4093 1040 4168 qnod
1050 4097 1095 4168 {ori
1106 4110 1154 4148 non
1168 4105 1244 4158 erant,

184 4177 284 4230 mvrdt
296 4182 382 4230 rrum
391 4197 440 4231 eos.
737 4173 969 4248 liberorprocreant.
