2967 4684
523 357 587 422 DE
610 358 828 427 IUSTINO.
1187 364 1205 429 5

145 499 213 542 rum
226 499 238 539 .·
252 475 376 541 curum
399 475 490 538 arant
510 473 545 536 V
541 497 668 572 errorem,x
674 479 756 563 poti.
770 476 824 539 'Id
843 472 966 565 quidem
988 484 1021 539 et
1041 473 1209 541 coturruses

149 577 267 668 Trogus
277 589 310 642 et
319 575 514 665 gallinaceos
525 575 697 664 aliquanao
704 624 714 656 ,
721 578 863 666 perdices
873 599 948 641 uero
959 599 982 640 a
992 575 1117 640 domitis
1127 601 1208 644 seros

144 693 176 744 er
187 703 279 744 novos
285 727 296 760 ,
310 690 369 742 aret
380 681 479 742 arctos
493 680 565 741 iniri
571 680 755 766 promiscue.
771 678 893 744 Eadem
905 678 1007 743 habet
1018 678 1212 745 Aristoteles

79 785 86 805 ¹
146 781 226 846 Hist.
241 783 303 846 An.
321 780 385 863 IX,
407 805 463 863 ¹23
478 779 553 845 coll.
568 778 687 845 AElinn.
704 781 787 845 Hist.
805 782 865 846 An.
882 783 949 864 III,
968 781 1099 863 1631V,
1117 785 1170 848 16.

191 907 224 970 9.
238 882 390 950 Indidem
408 905 542 972 qnoque
559 879 687 948 fluxisse
702 882 872 966 videntur,
888 907 961 972 quae
974 883 1062 950 idem
1083 884 1208 950 Plinius

145 985 245 1052 habet
260 987 325 1069 xl,
338 989 381 1074 94
397 1009 406 1049 ε
420 985 587 1074 Dasypodi
593 1033 603 1066 ,
616 998 647 1049 et
662 989 695 1048 in
710 985 811 1049 buccis
827 988 909 1050 mnes
926 986 1015 1075 (sunt
1030 985 1121 1075 pili),
1132 999 1163 1050 et
1176 990 1210 1051 ire

139 1087 270 1178 pedibus
292 1113 304 1151 .·
329 1111 401 1178 quae
423 1100 555 1178 utroquo
584 1085 705 1176 Trogus
733 1100 764 1152 et
790 1091 823 1152 ia
847 1088 948 1176 lepore
968 1087 1123 1167 tradidit,
1149 1089 1209 1156 lroc

146 1190 288 1280 exemplo
301 1190 521 1255 libidinosiores
536 1189 695 1253 Maurum
707 1213 827 1280 quoque
838 1189 934 1253 hirtos
954 1189 1111 1280 colb'geos.
1132 1190 1209 1254 Hsec

147 1316 280 1380 quoque
296 1293 444 1384 Trogum
465 1314 506 1357 ex
527 1291 700 1366 Aristotele
722 1293 885 1374 hausisse,
904 1291 1003 1357 docet
1023 1292 1097 1374 hic,
1117 1293 1209 1374 cujus

148 1411 195 1460 est
207 1395 317 1459 Probl.
333 1395 484 1476 XXXII,
500 1409 577 1459 sect.
595 1397 616 1472 4
630 1393 695 1460 hoc
709 1417 717 1460 2
736 1388 792 1453 Aul
805 1394 838 1455 tl
845 1389 892 1454 nai
909 1387 1003 1474 locu
1017 1387 1065 1454 eal
1079 1397 1102 1454 si
1119 1393 1209 1456 lanis

146 1492 273 1579 cirtem
285 1497 390 1572 λᾶγοιι.

195 1622 244 1664 ιο.
260 1601 387 1666 Plinius
408 1601 516 1682 XVII,
533 1621 577 1688 9:
593 1598 685 1665 Folia
704 1600 892 1688 palmarum
911 1596 1001 1687 apud
1020 1595 1215 1686 Babyhra'os

148 1703 220 1782 seri,
234 1715 327 1792 atque
340 1705 388 1767 ita
400 1703 543 1767 arborem
550 1706 730 1793 provenire,
751 1703 891 1792 Trogum
905 1700 1068 1768 cruciasse
1080 1700 1210 1767 dirr'aor.

150 1803 241 1868 Conl.
260 1805 430 1896 Theophr.
448 1805 529 1872 Hist.
544 1810 605 1870 An.
623 1807 672 1888 ll,
690 1829 718 1870 o.
930 1849 933 1852 ⁴

193 1928 244 1970 11.
260 1907 387 1972 Plinius
401 1907 587 1997 XXX1,4'7
603 1931 611 1971 ε
631 1907 753 1997 Trogus
769 1920 957 1988 auctorest,
973 1910 1057 1972 ct'rca
1071 1905 1212 1992 Lyciam

142 2007 303 2094 penicillos
315 2007 509 2074 mollusimos
519 2013 609 2074 nasei
616 2013 648 2074 ia
659 2011 834 2092 alto,.uade
844 2010 965 2078 ablato
974 2011 1198 2097 sirwspougioe.

195 2133 244 2174 12.
259 2111 389 2176 Flavius
402 2111 577 2200 Vopiscus,
590 2114 649 2199 qui
663 2111 776 2178 floruit
786 2115 825 2177 Α.
841 2116 877 2178 C.
892 2111 976 2193 304,
988 2113 1023 2176 in
1035 2110 1213 2176 Aureliano

148 2232 217 2300 cap.
232 2234 251 2276 2
266 2233 275 2276 t
290 2212 442 2301 Equidem
455 2213 543 2309 dico,
555 2217 707 2282 neminem
717 2219 915 2304 sorpmm,
929 2225 1081 2304 quantun
1094 2211 1142 2273 cul
1153 2211 1216 2275 lrc‘s·
1339 2253 1343 2262 ι

148 2317 265 2377 ton'am
284 2317 435 2401 pertinet,
456 2338 520 2380 noo
539 2315 663 2404 aliquod
684 2339 747 2379 esse
769 2317 931 2380 naamam
952 2338 964 2376 .·
979 2311 1116 2401 prodere
1140 2312 1215 2398 quio
1304 2317 1307 2322 ’

149 2417 247 2477 etiam
253 2437 391 2502 posnan,
409 2420 442 2480 r'rr
455 2441 518 2506 quo
532 2417 635 2482 Livius
642 2465 653 2498 ,
669 2421 702 2480 irs
713 2439 773 2506 quo
784 2414 964 2490 Sallustius,
979 2416 1013 2474 io
1024 2435 1084 2501 quo
1098 2411 1213 2475 Come·

149 2515 210 2580 lias
228 2515 365 2596 Tacitus,
379 2521 411 2582 io
424 2542 489 2607 quo
500 2519 630 2608 dertiqu
646 2518 783 2606 Trogus,
798 2515 970 2603 mamflstis
983 2513 1122 2593 rosamo,
1138 2537 1215 2577 coa·

150 2621 321 2684 vomantur.
331 2621 520 2685 Certissima
533 2621 633 2710 igitur
646 2619 722 2685 fidei
732 2621 824 2686 huuc
835 2619 1030 2708 scriptorem
1044 2613 1094 2680 his
1105 2615 1214 2680 verbis

149 2723 221 2787 sutis
237 2721 424 2787 luculenter
437 2721 589 2788 declaret.
606 2727 703 2788 Certe
717 2723 847 2812 Trogus
862 2721 899 2784 in
911 2720 1007 2786 Livio
1016 2733 1050 2785 et
1061 2718 1214 2784 Sallustio

149 2823 423 2914 reprehenderat,
438 2825 600 2891 referente
617 2825 716 2906 hujus
730 2825 948 2914 epitomatore
962 2819 1155 2902 XXXVIII,
1176 2817 1213 2902 3,

154 2949 208 3008 11,
223 2925 317 3014 quod
339 2928 515 2992 conciones
538 2927 695 3010 directos,
710 2949 772 3016 pro
787 2949 845 2992 sua
858 2926 1022 3007 oratione,
1039 2924 1132 3013 operi
1153 2943 1214 2987 suo

150 3027 341 3109 inserendo,
362 3029 505 3094 historice
523 3029 660 3095 modum
676 3029 882 3095 excesserint.
907 3029 1088 3092 Historicus
1108 3027 1214 3105 enim,

150 3130 235 3194 viros
249 3153 326 3195 suos
339 3131 387 3195 ita
401 3129 547 3198 dicentes
562 3131 739 3214 inducens,
754 3131 822 3220 agit
834 3147 982 3219 poetam,
995 3129 1136 3194 lectores
1146 3147 1215 3188 uon

151 3246 216 3296 tam
230 3231 403 3317 doenum,
418 3256 516 3322 quom
529 3236 638 3324 potius
651 3234 883 3300 delectaturus.

199 3334 247 3400 13.
269 3334 363 3402 idem
383 3337 558 3403 historicus
581 3340 615 3402 in
637 3337 764 3418 Probo,
785 3347 914 3424 capo,
930 3333 1123 3420 scriptorem
1139 3347 1215 3391 nos-
1235 3348 1238 3354 ·

150 3453 237 3502 trum
254 3461 333 3503 cum
349 3437 517 3524 Sallustio,
531 3441 642 3523 Livio,
659 3441 791 3523 Tacito,
809 3437 1009 3504 numeratio
1026 3433 1104 3497 viris
1119 3431 1215 3494 doser-

151 3541 280 3606 amau.

200 3649 249 3722 14.
261 3645 497 3734 Hieronymus,
509 3663 606 3711 mort.
620 3647 657 3710 A.
670 3647 705 3708 C.
720 3648 802 3723 loo,
813 3642 973 3732 prooemio
984 3638 1018 3700 iu
1031 3633 1216 3720 Danielem,

153 3745 299 3836 Trogum
315 3764 466 3813 nostrum
479 3749 710 3830 juxtuLivium
724 3761 757 3811 et
767 3745 931 3810 lustinum
949 3737 1074 3818 laudat,
1090 3760 1130 3800 ex
1142 3737 1217 3824 qui-

153 3845 213 3912 bus
228 3864 267 3913 ut
281 3850 475 3916 Graecorum
491 3851 626 3916 historia
642 3849 797 3939 cognosci
812 3845 931 3938 possit,
946 3842 992 3906 sic
1008 3856 1041 3906 et
1056 3855 1220 3904 moenem

152 3949 295 4016 Danielis
317 3969 436 4040 partes.
462 3952 554 4018 ldern
578 3954 611 4016 in
637 3967 814 4018 comment.
838 3951 871 4013 in
895 3939 1218 4035 cup.51)anielis,'a

152 4051 251 4120 Dario
266 4055 458 4146 (Cyame),
472 4053 662 4136 Medorum,
676 4069 708 4120 et
720 4057 821 4140 Cyro,
834 4051 1006 4116 Persarum
1020 4066 1110 4134 rege,
1125 4041 1219 4108 Chal·
