2967 4684
410 358 791 435 HISTORIARUM
816 366 974 441 LIBER
1000 372 1050 442 11.
1198 398 1267 471 119

201 490 314 559 Porro
334 488 472 558 Xerxes
492 487 776 561 controversiam
800 512 878 560 non
903 490 948 562 de
971 490 1118 581 ordine,
1136 493 1200 565 sed
1222 493 1295 565 det

199 594 375 669 nascendi
398 592 565 672 felicitate
594 593 784 669 referebat:
811 600 1009 701 «Namque
1037 607 1296 681 Artemonemt

199 709 356 807 primum
380 707 525 805 quidem
554 709 685 794 Dario,
704 706 768 779 sed
795 713 933 806 privato
961 718 1170 811 provenisse
1195 742 1204 785 τ
1231 740 1268 787 se

198 820 274 915 regi
290 820 448 917 primum
466 834 601 893 uatum.
619 822 760 891 Fratres
775 820 895 917 itaque
913 846 1016 910 suos,
1033 826 1095 922 qui
1113 838 1196 895 ante
1209 844 1295 923 ges

201 929 269 1021 uili
287 944 423 1016 esseut,
440 932 620 1026 privatum
635 930 914 1023 patrimonium,
934 932 1034 1029 quod
1047 959 1091 1006 eo
1106 948 1268 1033 tempore

152 1103 156 1111 .
200 1042 329 1114 Darius
345 1036 547 1120 habuisset,
564 1061 642 1107 nun
666 1060 821 1134 regnum
844 1037 915 1109 sibi
936 1040 1123 1115 vindicare
1142 1068 1268 1144 posset

201 1172 240 1223 se
256 1172 352 1228 esse,
369 1172 478 1247 quem
496 1149 654 1245 primum
671 1146 712 1215 in
729 1170 846 1245 regno
862 1148 937 1245 jam
953 1174 1018 1221 rex
1035 1168 1137 1251 pater
1154 1170 1298 1232 sustu-s

200 1257 291 1333 lerit.
310 1264 391 1331 Huc
407 1257 599 1345 accedere,
618 1253 719 1353 quod
736 1261 950 1331 Artemenes
971 1284 1048 1331 non
1072 1276 1173 1362 patre
1191 1279 1270 1336 tan-

202 1384 298 1460 tum,
308 1368 371 1442 sed
384 1383 422 1444 et
431 1382 547 1442 matre
561 1367 706 1466 privatae
720 1366 840 1441 adhuc
854 1367 1030 1461 formnae,
1044 1396 1112 1445 avo
1125 1398 1271 1473 quoque

200 1494 367 1552 materno
382 1481 543 1578 privato,
559 1492 768 1577 procreatus
784 1482 830 1551 sit
847 1508 855 1551 :
874 1506 911 1553 se
928 1508 1016 1554 vero
1031 1498 1068 1555 et
1085 1498 1198 1554 matre
1215 1510 1271 1555 re·
1283 1474 1322 1568 γ’

200 1592 285 1689 gina
302 1598 448 1678 uatium,
464 1604 502 1661 et
517 1602 657 1689 patrem
674 1614 751 1661 non
771 1593 840 1664 uisi
858 1618 979 1693 regem
998 1594 1147 1683 vidisse3
1164 1618 1270 1667 avum

201 1726 351 1801 quoque
378 1713 583 1774 maternum
609 1704 746 1797 Cyrum
773 1728 811 1775 se
831 1729 952 1803 regem
978 1704 1168 1795 hahuisse,
1190 1732 1269 1779 non

200 1810 390 1901 heredem,
409 1811 472 1888 sed
490 1810 718 1887 conditorem
738 1816 829 1886 tanti
851 1820 972 1915 regni3
989 1833 1025 1890 et
1047 1818 1078 1889 si
1099 1820 1139 1888 in
1163 1842 1269 1916 aequo

196 1923 278 2020 jure
293 1938 489 2023 utrumque
507 1921 654 1997 fratrem
672 1939 776 2023 pater
792 1925 1017 2025 reliquisset,
1032 1943 1199 2001 materno
1218 1945 1299 2006 tar-a

200 2059 337 2110 meu-se
345 2037 427 2131 jure
440 2051 477 2107 et
491 2038 587 2108 avito
598 2037 785 2107 vincere.»
800 2042 878 2110 Hoc
893 2054 1078 2111 certamen
1093 2039 1269 2111 concordi
1282 2073 1299 2125 9

162 2229 169 2243 .
201 2148 325 2217 animo
340 2147 387 2217 ad
403 2161 574 2244 patruum
588 2170 694 2217 suum
711 2144 995 2243 Artaphernem,
1013 2147 1124 2219 veluti
1140 2146 1187 2219 ad
1205 2148 1269 2220 do·

201 2257 391 2330 masticum
397 2255 572 2352 judicem,
582 2253 754 2329 deserunt
765 2284 774 2325 z
786 2259 849 2353 qui
862 2258 961 2329 domi
974 2260 1119 2357 cognita
1130 2283 1271 2347 caussa,
1285 2292 1317 2327 ιο

202 2366 359 2438 Xerxem
377 2367 574 2463 praeposuit
589 2392 598 2435 t
615 2364 780 2465 adeoque
796 2365 956 2441 fraterna
977 2370 1165 2439 contentio
1186 2366 1272 2455 fuit,

201 2490 244 2549 ut
261 2499 331 2547 nec
353 2476 471 2548 victor
492 2473 738 2563 insultaverit,
760 2500 829 2549 nec
851 2480 968 2549 victus
986 2477 1157 2566 doluerit;
1175 2479 1271 2576 ipso·

202 2610 275 2687 que
284 2584 357 2656 litis
369 2599 531 2685 tempore
541 2587 700 2658 invicem
710 2609 864 2660 munera
875 2590 1103 2677 miseriumet
1109 2588 1271 2686 jucunda

169 2768 171 2772 ,
202 2716 350 2794 quoque
366 2694 463 2763 iuter
480 2716 538 2780 se,
555 2716 633 2763 nou
656 2691 773 2764 solum
794 2693 941 2768 credula
958 2696 1122 2770 convivia
1134 2693 1271 2769 habue-

201 2809 294 2895 rint3
306 2804 483 2901 judicium
501 2827 651 2902 quoque
670 2804 790 2903 ipsum
808 2805 887 2877 sine
908 2803 1070 2893 arbitris,
1086 2807 1164 2877 sine
1186 2820 1271 2878 cou-

202 2981 263 3035 loco
279 2978 387 3033 laudato
401 2979 483 3034 habet
493 2990 561 3045 tres,
575 2994 610 3031 ex
620 2979 714 3031 Atussa
754 2976 1268 3050 sublatuepmpterregamamffuicaasaa,

203 3070 326 3130 quatuor.
347 3088 383 3099 -
404 3056 478 3125 Quod
489 3059 542 3127 jus.
563 3054 715 3128 Explicain
754 3056 1016 3127 cummanum.

204 3153 290 3191 accus.
310 3132 558 3188 hocaeuruzordo
577 3146 604 3187 et
623 3144 716 3187 natura
790 3153 817 3206 7.
837 3141 916 3188 Mau-e
939 3138 1054 3206 agilia...
1078 3152 1146 3187 aerae
1172 3136 1268 3207 Cynam.

201 3212 280 3269 vdedit
291 3214 343 3267 hoc
351 3214 395 3285 jue
405 3210 540 3283 gentibus,
553 3212 572 3263 i.
584 3231 607 3265 e.
621 3230 715 3265 omnes
756 3212 868 3285 Respice
879 3212 905 3277 1,
917 3232 959 3278 ro,
973 3219 1012 3275 ll·
1024 3212 1111 3265 Mater
1119 3225 1206 3265 autem
1216 3226 1271 3266 erat

203 3306 296 3366 gentes
308 3292 378 3346 hauc
389 3291 476 3362 legem
487 3288 647 3344 succedendi
657 3309 716 3343 aau-
756 3292 866 3357 Atussa,
875 3290 1005 3346 Herodot.
1023 3289 1096 3357 Vll,
1110 3311 1139 3356 a,
1155 3290 1202 3361 qui
1214 3309 1271 3344 nou

202 3382 300 3429 xerunt
310 3371 339 3430 in
352 3382 445 3423 natura
459 3368 517 3441 ipsa
529 3368 569 3423 rei
584 3369 675 3435 sitam,
686 3380 718 3422 ut
757 3386 807 3442 per
820 3370 1013 3441 Artaphernem
1034 3368 1126 3437 (Darii
1145 3367 1270 3434 fratrem,

203 3452 279 3527 prior
290 3462 355 3505 natu
364 3447 575 3519 mcccdatpatri.
585 3448 663 3502 Conl.
677 3448 717 3501 in·
759 3446 1047 3521 Surdibuaprelectum
1053 3446 1090 3513 V,
1100 3448 1157 3515 25),
1167 3444 1271 3519 redpoe

205 3530 245 3585 ira
267 3528 353 3593 xvl,
376 3546 407 3593 a,
430 3544 462 3599 73
488 3524 576 3592 XXI,
600 3544 629 3591 r,
654 3544 716 3592 1·a;
758 3528 943 3592 Demaratum,
966 3528 1156 3598 Spartanorum
1179 3543 1271 3597 regem

204 3606 338 3672 xxm,
350 3607 381 3673 3,
392 3625 419 3678 7.
429 3636 464 3649 -
474 3606 555 3661 Anno
563 3606 644 3659 Urhia
654 3605 716 3661 268.
757 3607 890 3671 exsulem,
899 3606 969 3659 hanc
981 3605 1054 3659 litem
1068 3601 1205 3657 diremtum
1214 3622 1271 3659 esee

240 3686 265 3741 5.
275 3691 305 3737 Iu
313 3704 398 3755 reguo.
408 3685 503 3740 letheo
513 3684 592 3738 verbe
602 3682 716 3737 delenda
757 3686 847 3740 refert.
862 3686 928 3739 Tres
940 3684 1010 3737 lilios
1019 3696 1083 3737 natu
1093 3686 1204 3755 majores
1216 3702 1270 3738 sue-

203 3777 295 3821 ceuaet
309 3766 405 3829 Faber,
421 3782 506 3836 quum
519 3764 621 3835 puerile
633 3776 661 3817 et
673 3782 717 3817 re·
758 3777 865 3837 ceperat
875 3763 970 3817 Darius
982 3762 1101 3833 privetur
1111 3780 1144 3814 ex
1156 3762 1270 3837 Gobryn

203 3840 328 3897 &adana
339 3843 372 3896 ait
382 3841 471 3897 dicere
482 3849 573 3894 :Pater
582 3860 655 3905 meua,
662 3843 718 3912 jam
758 3844 828 3910 lilia,
841 3842 972 3897 llerodct.
985 3840 1056 3907 Vll,
1070 3860 1096 3895 a.

202 3941 263 3986 ree,
287 3926 313 3975 iu
335 3940 411 3993 reguo
431 3940 468 3973 aie
483 3926 590 3993 primm
612 3922 717 3974 sustulit.
797 3942 839 3978 ιο.
859 3922 972 3976 Credula.
990 3922 1052 3973 Duo
1069 3920 1147 3977 MSS.
1168 3922 1268 3988 embra,

204 4000 279 4055 Junt.
292 4013 380 4055 autem
393 4012 420 4055 et
431 4000 526 4073 optimi
536 4001 627 4072 plures
635 3998 717 4055 codd.
760 4000 834 4075 quod
845 4002 961 4074 probant
971 4000 992 4055 F
993 4000 1091 4053 reineh.
1103 4001 1269 4075 etSchelier.

204 4078 304 4133 habeut
316 4083 341 4131 la
354 4100 466 4151 regnum,
481 4078 557 4152 quod
567 4078 646 4134 valde
658 4080 716 4152 pla·
758 4082 903 4153 vulgatum
912 4080 959 4153 qui
976 4092 1066 4135 tuetur
1075 4080 1209 4147 Gravius,
1220 4098 1272 4152 pro

206 4172 269 4213 cet:
284 4176 346 4213 nam
360 4158 478 4214 atalalatus
497 4162 525 4211 ln
543 4178 660 4231 agrurn,
678 4172 719 4213 est
760 4159 887 4233 ingenio,
913 4160 1019 4235 iuquit,
1044 4160 1162 4215 humana
1186 4159 1271 4213 solent
