<?xml version="1.0" encoding="UTF-8"?>
<!DOCTYPE html PUBLIC "-//W3C//DTD XHTML 1.0 Transitional//EN"
    "http://www.w3.org/TR/xhtml1/DTD/xhtml1-transitional.dtd">
<html xmlns="http://www.w3.org/1999/xhtml" xml:lang="en" lang="en">
 <head>
  <title>
</title>
<meta http-equiv="Content-Type" content="text/html;charset=utf-8" />
  <meta name='ocr-system' content='tesseract 3.04.00' />
  <meta name='ocr-capabilities' content='ocr_page ocr_carea ocr_par ocr_line ocrx_word'/>
</head>
<body>
  <div class='ocr_page' id='page_1' title='image "./justinihistoria00lemagoog_0157.png"; bbox 0 0 2967 4684; ppageno 0'>
   <div class='ocr_carea' id='block_1_1' title="bbox 176 308 1288 3524">
    <p class='ocr_par' dir='ltr' id='par_1_1' title="bbox 176 308 1288 3524">
     <span class='ocr_line' id='line_1_1' title="bbox 221 308 853 388; baseline -0.008 -5"><span class='ocrx_word' id='word_1_1' title='bbox 221 334 295 388; x_wconf 66' lang='lat' dir='ltr'><strong>raa,</strong></span> <span class='ocrx_word' id='word_1_2' title='bbox 642 308 853 381; x_wconf 83' lang='lat' dir='ltr'>JUSTINI</span> 
     </span>
     <span class='ocr_line' id='line_1_2' title="bbox 215 430 1278 535; baseline 0.004 -28"><span class='ocrx_word' id='word_1_3' title='bbox 215 446 331 507; x_wconf 88' lang='lat' dir='ltr'><strong>temtu</strong></span> <span class='ocrx_word' id='word_1_4' title='bbox 349 430 557 531; x_wconf 80' lang='lat' dir='ltr'><strong>paucitatis,</strong></span> <span class='ocrx_word' id='word_1_5' title='bbox 574 453 637 503; x_wconf 86' lang='lat' dir='ltr'><strong>eos</strong></span> <span class='ocrx_word' id='word_1_6' title='bbox 658 454 818 531; x_wconf 79' lang='lat' dir='ltr'><strong>pugnam</strong></span> <span class='ocrx_word' id='word_1_7' title='bbox 841 454 1026 531; x_wconf 76' lang='lat' dir='ltr'>capessere</span> <span class='ocrx_word' id='word_1_8' title='bbox 1045 431 1169 530; x_wconf 83' lang='lat' dir='ltr'><strong>jubet,</strong></span> <span class='ocrx_word' id='word_1_9' title='bbox 1188 460 1278 535; x_wconf 90' lang='lat' dir='ltr'><strong>quo·</strong></span> 
     </span>
     <span class='ocr_line' id='line_1_3' title="bbox 189 535 1280 647; baseline 0.009 -38"><span class='ocrx_word' id='word_1_10' title='bbox 189 555 300 618; x_wconf 74' lang='lat' dir='ltr'><strong>trum</strong></span> <span class='ocrx_word' id='word_1_11' title='bbox 311 545 454 642; x_wconf 81' lang='lat' dir='ltr'>cognati</span> <span class='ocrx_word' id='word_1_12' title='bbox 465 539 694 616; x_wconf 77' lang='lat' dir='ltr'><strong>Marathonia</strong></span> <span class='ocrx_word' id='word_1_13' title='bbox 704 535 828 641; x_wconf 81' lang='lat' dir='ltr'><strong>pugna</strong></span> <span class='ocrx_word' id='word_1_14' title='bbox 837 540 1018 615; x_wconf 82' lang='lat' dir='ltr'><strong>interiecti</strong></span> <span class='ocrx_word' id='word_1_15' title='bbox 1032 542 1177 621; x_wconf 80' lang='lat' dir='ltr'><strong>fueraut</strong></span> <span class='ocrx_word' id='word_1_16' title='bbox 1188 574 1195 619; x_wconf 73' lang='grc' dir='ltr'><strong>ε</strong></span> <span class='ocrx_word' id='word_1_17' title='bbox 1206 548 1280 647; x_wconf 90' lang='lat' dir='ltr'><strong>qui,</strong></span> 
     </span>
     <span class='ocr_line' id='line_1_4' title="bbox 218 652 1280 751; baseline 0.002 -23"><span class='ocrx_word' id='word_1_18' title='bbox 218 656 306 731; x_wconf 91' lang='lat' dir='ltr'><strong>dum</strong></span> <span class='ocrx_word' id='word_1_19' title='bbox 322 654 447 727; x_wconf 88' lang='lat' dir='ltr'><strong>ulcisci</strong></span> <span class='ocrx_word' id='word_1_20' title='bbox 468 678 554 725; x_wconf 92' lang='lat' dir='ltr'><strong>suos</strong></span> <span class='ocrx_word' id='word_1_21' title='bbox 578 665 768 751; x_wconf 79' lang='lat' dir='ltr'><strong>quoeruut,</strong></span> <span class='ocrx_word' id='word_1_22' title='bbox 788 652 1008 751; x_wconf 89' lang='lat' dir='ltr'><strong>principium</strong></span> <span class='ocrx_word' id='word_1_23' title='bbox 1033 652 1143 731; x_wconf 81' lang='lat' dir='ltr'><strong>cladis</strong></span> <span class='ocrx_word' id='word_1_24' title='bbox 1161 653 1280 730; x_wconf 85' lang='lat' dir='ltr'><strong>fuere:</strong></span> 
     </span>
     <span class='ocr_line' id='line_1_5' title="bbox 219 758 1282 859; baseline 0 -20"><span class='ocrx_word' id='word_1_25' title='bbox 219 764 436 841; x_wconf 80' lang='lat' dir='ltr'><strong>succedente</strong></span> <span class='ocrx_word' id='word_1_26' title='bbox 458 758 590 835; x_wconf 90' lang='lat' dir='ltr'><strong>deinde</strong></span> <span class='ocrx_word' id='word_1_27' title='bbox 607 760 725 835; x_wconf 89' lang='lat' dir='ltr'><strong>inutili</strong></span> <span class='ocrx_word' id='word_1_28' title='bbox 744 761 872 850; x_wconf 87' lang='lat' dir='ltr'><strong>turba,</strong></span> <span class='ocrx_word' id='word_1_29' title='bbox 886 762 1002 859; x_wconf 87' lang='lat' dir='ltr'><strong>major</strong></span> <span class='ocrx_word' id='word_1_30' title='bbox 1020 762 1134 839; x_wconf 85' lang='lat' dir='ltr'><strong>caedes</strong></span> <span class='ocrx_word' id='word_1_31' title='bbox 1154 765 1282 839; x_wconf 84' lang='lat' dir='ltr'><strong>editur.</strong></span> 
     </span>
     <span class='ocr_line' id='line_1_6' title="bbox 190 870 1282 970; baseline -0.001 -20"><span class='ocrx_word' id='word_1_32' title='bbox 190 876 351 951; x_wconf 83' lang='lat' dir='ltr'><strong>tTriduo</strong></span> <span class='ocrx_word' id='word_1_33' title='bbox 368 874 515 947; x_wconf 89' lang='lat' dir='ltr'><strong>ibicum</strong></span> <span class='ocrx_word' id='word_1_34' title='bbox 529 872 655 947; x_wconf 85' lang='lat' dir='ltr'><strong>dolore</strong></span> <span class='ocrx_word' id='word_1_35' title='bbox 666 887 704 945; x_wconf 90' lang='lat' dir='ltr'><strong>et</strong></span> <span class='ocrx_word' id='word_1_36' title='bbox 714 870 965 970; x_wconf 79' lang='lat' dir='ltr'><strong>indignatione</strong></span> <span class='ocrx_word' id='word_1_37' title='bbox 979 878 1167 949; x_wconf 87' lang='lat' dir='ltr'><strong>Persarum</strong></span> <span class='ocrx_word' id='word_1_38' title='bbox 1181 876 1282 951; x_wconf 89' lang='lat' dir='ltr'><strong>dimi·</strong></span> 
     </span>
     <span class='ocr_line' id='line_1_7' title="bbox 191 983 1285 1083; baseline 0.004 -26"><span class='ocrx_word' id='word_1_39' title='bbox 191 998 365 1059; x_wconf 76' lang='lat' dir='ltr'><strong>⁵catumz</strong></span> <span class='ocrx_word' id='word_1_40' title='bbox 386 1000 513 1083; x_wconf 83' lang='lat' dir='ltr'><strong>quarta</strong></span> <span class='ocrx_word' id='word_1_41' title='bbox 529 983 605 1074; x_wconf 90' lang='lat' dir='ltr'><strong>die,</strong></span> <span class='ocrx_word' id='word_1_42' title='bbox 625 1006 740 1082; x_wconf 89' lang='lat' dir='ltr'><strong>quum</strong></span> <span class='ocrx_word' id='word_1_43' title='bbox 759 986 964 1057; x_wconf 86' lang='lat' dir='ltr'><strong>nuntiatum</strong></span> <span class='ocrx_word' id='word_1_44' title='bbox 984 1000 1076 1057; x_wconf 88' lang='lat' dir='ltr'><strong>esset</strong></span> <span class='ocrx_word' id='word_1_45' title='bbox 1093 988 1285 1078; x_wconf 72' lang='lat' dir='ltr'><strong>Leonidae,</strong></span> 
     </span>
     <span class='ocr_line' id='line_1_8' title="bbox 218 1093 1283 1187; baseline 0.007 -22"><span class='ocrx_word' id='word_1_46' title='bbox 218 1119 239 1165; x_wconf 93' lang='lat' dir='ltr'><strong>a</strong></span> <span class='ocrx_word' id='word_1_47' title='bbox 254 1120 300 1167; x_wconf 82' lang='lat' dir='ltr'><strong>xx</strong></span> <span class='ocrx_word' id='word_1_48' title='bbox 317 1093 475 1166; x_wconf 88' lang='lat' dir='ltr'><strong>millibus</strong></span> <span class='ocrx_word' id='word_1_49' title='bbox 487 1094 647 1167; x_wconf 87' lang='lat' dir='ltr'><strong>hostium</strong></span> <span class='ocrx_word' id='word_1_50' title='bbox 665 1118 845 1165; x_wconf 89' lang='lat' dir='ltr'><strong>summum</strong></span> <span class='ocrx_word' id='word_1_51' title='bbox 861 1118 1034 1169; x_wconf 87' lang='lat' dir='ltr'><strong>cacumen</strong></span> <span class='ocrx_word' id='word_1_52' title='bbox 1050 1099 1182 1187; x_wconf 90' lang='lat' dir='ltr'><strong>teneri,</strong></span> <span class='ocrx_word' id='word_1_53' title='bbox 1194 1114 1283 1172; x_wconf 91' lang='lat' dir='ltr'><strong>tunc</strong></span> 
     </span>
     <span class='ocr_line' id='line_1_9' title="bbox 217 1202 1282 1308; baseline 0.005 -32"><span class='ocrx_word' id='word_1_54' title='bbox 217 1205 384 1279; x_wconf 81' lang='lat' dir='ltr'><strong>hortatur</strong></span> <span class='ocrx_word' id='word_1_55' title='bbox 403 1207 539 1295; x_wconf 88' lang='lat' dir='ltr'><strong>socios,</strong></span> <span class='ocrx_word' id='word_1_56' title='bbox 555 1235 573 1273; x_wconf 78' lang='grc' dir='ltr'><strong>α</strong></span> <span class='ocrx_word' id='word_1_57' title='bbox 590 1202 791 1294; x_wconf 84' lang='lat' dir='ltr'><strong>Recedant,</strong></span> <span class='ocrx_word' id='word_1_58' title='bbox 809 1219 846 1277; x_wconf 90' lang='lat' dir='ltr'><strong>et</strong></span> <span class='ocrx_word' id='word_1_59' title='bbox 866 1230 903 1277; x_wconf 86' lang='lat' dir='ltr'><strong>se</strong></span> <span class='ocrx_word' id='word_1_60' title='bbox 925 1205 971 1277; x_wconf 90' lang='lat' dir='ltr'><strong>ad</strong></span> <span class='ocrx_word' id='word_1_61' title='bbox 988 1206 1136 1280; x_wconf 84' lang='lat' dir='ltr'><strong>meliora</strong></span> <span class='ocrx_word' id='word_1_62' title='bbox 1158 1210 1282 1308; x_wconf 76' lang='lat' dir='ltr'><strong>patrie</strong></span> 
     </span>
     <span class='ocr_line' id='line_1_10' title="bbox 217 1315 1282 1417; baseline 0.002 -28"><span class='ocrx_word' id='word_1_63' title='bbox 217 1332 382 1417; x_wconf 88' lang='lat' dir='ltr'><strong>tempora</strong></span> <span class='ocrx_word' id='word_1_64' title='bbox 396 1332 582 1390; x_wconf 75' lang='lat' dir='ltr'>reservent</span> <span class='ocrx_word' id='word_1_65' title='bbox 597 1345 606 1388; x_wconf 79' lang='lat' dir='ltr'><strong>t</strong></span> <span class='ocrx_word' id='word_1_66' title='bbox 622 1315 691 1387; x_wconf 88' lang='lat' dir='ltr'><strong>sibi</strong></span> <span class='ocrx_word' id='word_1_67' title='bbox 710 1340 795 1389; x_wconf 92' lang='lat' dir='ltr'><strong>cum</strong></span> <span class='ocrx_word' id='word_1_68' title='bbox 812 1319 994 1416; x_wconf 84' lang='lat' dir='ltr'>Spartanis</span> <span class='ocrx_word' id='word_1_69' title='bbox 1016 1316 1200 1393; x_wconf 80' lang='lat' dir='ltr'><strong>fortunam</strong></span> <span class='ocrx_word' id='word_1_70' title='bbox 1220 1344 1282 1391; x_wconf 84' lang='lat' dir='ltr'><strong>ex·</strong></span> 
     </span>
     <span class='ocr_line' id='line_1_11' title="bbox 189 1427 1282 1528; baseline 0.006 -31"><span class='ocrx_word' id='word_1_71' title='bbox 189 1427 447 1528; x_wconf 64' lang='lat' dir='ltr'><strong>operiendam</strong></span> <span class='ocrx_word' id='word_1_72' title='bbox 473 1427 577 1528; x_wconf 89' lang='lat' dir='ltr'><strong>plura</strong></span> <span class='ocrx_word' id='word_1_73' title='bbox 614 1452 652 1499; x_wconf 89' lang='lat' dir='ltr'><strong>se</strong></span> <span class='ocrx_word' id='word_1_74' title='bbox 691 1429 836 1527; x_wconf 81' lang='lat' dir='ltr'><strong>patriae,</strong></span> <span class='ocrx_word' id='word_1_75' title='bbox 869 1453 977 1526; x_wconf 80' lang='lat' dir='ltr'><strong>quam</strong></span> <span class='ocrx_word' id='word_1_76' title='bbox 1008 1432 1090 1501; x_wconf 81' lang='lat' dir='ltr'><strong>vitae</strong></span> <span class='ocrx_word' id='word_1_77' title='bbox 1126 1429 1282 1503; x_wconf 88' lang='lat' dir='ltr'><strong>debere:</strong></span> 
     </span>
     <span class='ocr_line' id='line_1_12' title="bbox 190 1538 1282 1640; baseline 0.001 -27"><span class='ocrx_word' id='word_1_78' title='bbox 190 1554 366 1622; x_wconf 78' lang='lat' dir='ltr'><strong>7caeteros</strong></span> <span class='ocrx_word' id='word_1_79' title='bbox 383 1540 429 1612; x_wconf 91' lang='lat' dir='ltr'><strong>ad</strong></span> <span class='ocrx_word' id='word_1_80' title='bbox 444 1538 608 1638; x_wconf 86' lang='lat' dir='ltr'><strong>praesidia</strong></span> <span class='ocrx_word' id='word_1_81' title='bbox 624 1540 771 1611; x_wconf 74' lang='lat' dir='ltr'><strong>Greciae</strong></span> <span class='ocrx_word' id='word_1_82' title='bbox 788 1540 995 1612; x_wconf 80' lang='lat' dir='ltr'><strong>servandos.</strong></span> <span class='ocrx_word' id='word_1_83' title='bbox 1011 1572 1028 1607; x_wconf 77' lang='lat' dir='ltr'><strong>r</strong></span> <span class='ocrx_word' id='word_1_84' title='bbox 1043 1538 1176 1613; x_wconf 82' lang='lat' dir='ltr'><strong>Audito</strong></span> <span class='ocrx_word' id='word_1_85' title='bbox 1189 1543 1282 1640; x_wconf 87' lang='lat' dir='ltr'><strong>regis</strong></span> 
     </span>
     <span class='ocr_line' id='line_1_13' title="bbox 218 1647 1283 1751; baseline 0.003 -30"><span class='ocrx_word' id='word_1_86' title='bbox 218 1653 391 1751; x_wconf 88' lang='lat' dir='ltr'><strong>imperio,</strong></span> <span class='ocrx_word' id='word_1_87' title='bbox 409 1650 605 1725; x_wconf 84' lang='lat' dir='ltr'>discessere</span> <span class='ocrx_word' id='word_1_88' title='bbox 622 1652 762 1738; x_wconf 72' lang='lat' dir='ltr'><strong>caeteri,</strong></span> <span class='ocrx_word' id='word_1_89' title='bbox 779 1647 844 1721; x_wconf 88' lang='lat' dir='ltr'><strong>soli</strong></span> <span class='ocrx_word' id='word_1_90' title='bbox 862 1649 1126 1723; x_wconf 72' lang='lat' dir='ltr'><strong>Lacedaemonii</strong></span> <span class='ocrx_word' id='word_1_91' title='bbox 1141 1674 1283 1723; x_wconf 83' lang='lat' dir='ltr'><strong>reman-</strong></span> 
     </span>
     <span class='ocr_line' id='line_1_14' title="bbox 190 1759 1283 1860; baseline -0.001 -25"><span class='ocrx_word' id='word_1_92' title='bbox 190 1772 208 1825; x_wconf 76' lang='lat'><em>8</em></span> <span class='ocrx_word' id='word_1_93' title='bbox 219 1777 354 1835; x_wconf 84' lang='lat' dir='ltr'><strong>serunt</strong></span> <span class='ocrx_word' id='word_1_94' title='bbox 378 1762 488 1835; x_wconf 87' lang='lat' dir='ltr'><strong>Initio</strong></span> <span class='ocrx_word' id='word_1_95' title='bbox 511 1760 621 1859; x_wconf 84' lang='lat' dir='ltr'><strong>hujus</strong></span> <span class='ocrx_word' id='word_1_96' title='bbox 640 1759 728 1833; x_wconf 89' lang='lat' dir='ltr'><strong>belli</strong></span> <span class='ocrx_word' id='word_1_97' title='bbox 751 1759 1016 1835; x_wconf 81' lang='lat' dir='ltr'><strong>sciscitantibus</strong></span> <span class='ocrx_word' id='word_1_98' title='bbox 1036 1760 1187 1860; x_wconf 86' lang='lat' dir='ltr'><strong>Delphis</strong></span> <span class='ocrx_word' id='word_1_99' title='bbox 1203 1787 1283 1834; x_wconf 90' lang='lat' dir='ltr'><strong>ora·</strong></span> 
     </span>
     <span class='ocr_line' id='line_1_15' title="bbox 220 1868 1285 1971; baseline 0.002 -28"><span class='ocrx_word' id='word_1_100' title='bbox 220 1871 301 1943; x_wconf 84' lang='lat' dir='ltr'><strong>cula</strong></span> <span class='ocrx_word' id='word_1_101' title='bbox 326 1896 543 1971; x_wconf 84' lang='lat' dir='ltr'><strong>responsum</strong></span> <span class='ocrx_word' id='word_1_102' title='bbox 570 1868 707 1960; x_wconf 81' lang='lat' dir='ltr'><strong>fuerat,</strong></span> <span class='ocrx_word' id='word_1_103' title='bbox 730 1886 794 1943; x_wconf 89' lang='lat' dir='ltr'><strong>aut</strong></span> <span class='ocrx_word' id='word_1_104' title='bbox 820 1872 895 1970; x_wconf 83' lang='lat' dir='ltr'><strong>regi</strong></span> <span class='ocrx_word' id='word_1_105' title='bbox 920 1874 1198 1971; x_wconf 86' lang='lat' dir='ltr'><strong>Spartanorum,</strong></span> <span class='ocrx_word' id='word_1_106' title='bbox 1223 1889 1285 1947; x_wconf 92' lang='lat' dir='ltr'><strong>aut</strong></span> 
     </span>
     <span class='ocr_line' id='line_1_16' title="bbox 190 1979 1283 2080; baseline -0.001 -24"><span class='ocrx_word' id='word_1_107' title='bbox 190 1982 303 2066; x_wconf 74' lang='lat' dir='ltr'><strong>curbi</strong></span> <span class='ocrx_word' id='word_1_108' title='bbox 318 1982 531 2056; x_wconf 87' lang='lat' dir='ltr'><strong>cadendum.</strong></span> <span class='ocrx_word' id='word_1_109' title='bbox 550 1986 595 2054; x_wconf 87' lang='lat' dir='ltr'><strong>Et</strong></span> <span class='ocrx_word' id='word_1_110' title='bbox 606 1980 743 2055; x_wconf 91' lang='lat' dir='ltr'><strong>idcirco</strong></span> <span class='ocrx_word' id='word_1_111' title='bbox 757 2005 821 2053; x_wconf 85' lang='lat' dir='ltr'><strong>rex</strong></span> <span class='ocrx_word' id='word_1_112' title='bbox 832 1979 1012 2055; x_wconf 86' lang='lat' dir='ltr'><strong>Leonidas</strong></span> <span class='ocrx_word' id='word_1_113' title='bbox 1025 2006 1139 2080; x_wconf 91' lang='lat' dir='ltr'><strong>quum</strong></span> <span class='ocrx_word' id='word_1_114' title='bbox 1153 1984 1192 2055; x_wconf 89' lang='lat' dir='ltr'><strong>in</strong></span> <span class='ocrx_word' id='word_1_115' title='bbox 1208 1982 1283 2055; x_wconf 89' lang='lat' dir='ltr'><strong>bel·</strong></span> 
     </span>
     <span class='ocr_line' id='line_1_17' title="bbox 219 2090 1285 2194; baseline 0 -30"><span class='ocrx_word' id='word_1_116' title='bbox 219 2094 296 2168; x_wconf 87' lang='lat' dir='ltr'><strong>lum</strong></span> <span class='ocrx_word' id='word_1_117' title='bbox 311 2092 620 2194; x_wconf 67' lang='lat' dir='ltr'><strong>proficisceretur,</strong></span> <span class='ocrx_word' id='word_1_118' title='bbox 637 2094 687 2165; x_wconf 87' lang='lat' dir='ltr'><strong>ita</strong></span> <span class='ocrx_word' id='word_1_119' title='bbox 703 2116 790 2165; x_wconf 89' lang='lat' dir='ltr'><strong>suos</strong></span> <span class='ocrx_word' id='word_1_120' title='bbox 807 2090 1028 2179; x_wconf 87' lang='lat' dir='ltr'><strong>firmaverat,</strong></span> <span class='ocrx_word' id='word_1_121' title='bbox 1044 2107 1085 2165; x_wconf 92' lang='lat' dir='ltr'><strong>ut</strong></span> <span class='ocrx_word' id='word_1_122' title='bbox 1101 2095 1154 2164; x_wconf 88' lang='lat' dir='ltr'><strong>ire</strong></span> <span class='ocrx_word' id='word_1_123' title='bbox 1167 2117 1204 2165; x_wconf 90' lang='lat' dir='ltr'><strong>se</strong></span> <span class='ocrx_word' id='word_1_124' title='bbox 1222 2118 1285 2193; x_wconf 87' lang='lat' dir='ltr'><strong>pa·</strong></span> 
     </span>
     <span class='ocr_line' id='line_1_18' title="bbox 176 2202 1285 2305; baseline -0.003 -24"><span class='ocrx_word' id='word_1_125' title='bbox 176 2230 209 2267; x_wconf 80' lang='lat'><strong>¹⁰</strong></span> <span class='ocrx_word' id='word_1_126' title='bbox 220 2220 299 2282; x_wconf 83' lang='lat' dir='ltr'><strong>rato</strong></span> <span class='ocrx_word' id='word_1_127' title='bbox 311 2204 358 2279; x_wconf 78' lang='lat' dir='ltr'><strong>ad</strong></span> <span class='ocrx_word' id='word_1_128' title='bbox 372 2204 604 2280; x_wconf 85' lang='lat' dir='ltr'><strong>moriendum</strong></span> <span class='ocrx_word' id='word_1_129' title='bbox 619 2206 742 2277; x_wconf 80' lang='lat' dir='ltr'><strong>animo</strong></span> <span class='ocrx_word' id='word_1_130' title='bbox 755 2202 899 2293; x_wconf 70' lang='lat' dir='ltr'><strong>spirent</strong></span> <span class='ocrx_word' id='word_1_131' title='bbox 914 2206 1104 2301; x_wconf 81' lang='lat' dir='ltr'><strong>Angtrstias</strong></span> <span class='ocrx_word' id='word_1_132' title='bbox 1119 2218 1285 2305; x_wconf 86' lang='lat' dir='ltr'><strong>propter·</strong></span> 
     </span>
     <span class='ocr_line' id='line_1_19' title="bbox 220 2310 1286 2419; baseline -0.005 -27"><span class='ocrx_word' id='word_1_133' title='bbox 220 2340 265 2392; x_wconf 81' lang='lat' dir='ltr'><strong>ea</strong></span> <span class='ocrx_word' id='word_1_134' title='bbox 294 2331 555 2417; x_wconf 86' lang='lat' dir='ltr'><strong>occupaverat,</strong></span> <span class='ocrx_word' id='word_1_135' title='bbox 580 2310 890 2419; x_wconf 11' lang='lat' dir='ltr'><strong>utssum‘ipaucis</strong></span> <span class='ocrx_word' id='word_1_136' title='bbox 924 2329 987 2387; x_wconf 89' lang='lat' dir='ltr'><strong>aut</strong></span> <span class='ocrx_word' id='word_1_137' title='bbox 1013 2315 1148 2411; x_wconf 84' lang='lat' dir='ltr'><strong>majore</strong></span> <span class='ocrx_word' id='word_1_138' title='bbox 1174 2314 1286 2413; x_wconf 84' lang='lat' dir='ltr'><strong>gloria</strong></span> 
     </span>
     <span class='ocr_line' id='line_1_20' title="bbox 221 2418 1285 2524; baseline -0.001 -27"><span class='ocrx_word' id='word_1_139' title='bbox 221 2428 402 2517; x_wconf 88' lang='lat' dir='ltr'><strong>vinceret,</strong></span> <span class='ocrx_word' id='word_1_140' title='bbox 434 2441 498 2500; x_wconf 93' lang='lat' dir='ltr'><strong>aut</strong></span> <span class='ocrx_word' id='word_1_141' title='bbox 532 2418 676 2500; x_wconf 78' lang='lat' dir='ltr'><strong>uunore</strong></span> <span class='ocrx_word' id='word_1_142' title='bbox 713 2425 851 2497; x_wconf 89' lang='lat' dir='ltr'><strong>damno</strong></span> <span class='ocrx_word' id='word_1_143' title='bbox 890 2424 1097 2524; x_wconf 73' lang='lat' dir='ltr'><strong>reipublicae</strong></span> <span class='ocrx_word' id='word_1_144' title='bbox 1132 2425 1285 2499; x_wconf 86' lang='lat' dir='ltr'><strong>caderet.</strong></span> 
     </span>
     <span class='ocr_line' id='line_1_21' title="bbox 177 2535 1285 2635; baseline 0 -26"><span class='ocrx_word' id='word_1_145' title='bbox 177 2562 206 2601; x_wconf 76' lang='grc' dir='ltr'><strong>ιι</strong></span> <span class='ocrx_word' id='word_1_146' title='bbox 222 2538 385 2609; x_wconf 83' lang='lat' dir='ltr'><strong>Dimissis</strong></span> <span class='ocrx_word' id='word_1_147' title='bbox 402 2539 511 2635; x_wconf 83' lang='lat' dir='ltr'><strong>igitur</strong></span> <span class='ocrx_word' id='word_1_148' title='bbox 529 2539 651 2626; x_wconf 88' lang='lat' dir='ltr'><strong>sociis,</strong></span> <span class='ocrx_word' id='word_1_149' title='bbox 668 2535 837 2608; x_wconf 85' lang='lat' dir='ltr'><strong>hortatur</strong></span> <span class='ocrx_word' id='word_1_150' title='bbox 854 2542 1063 2635; x_wconf 83' lang='lat' dir='ltr'><strong>Spartanos,</strong></span> <span class='ocrx_word' id='word_1_151' title='bbox 1079 2567 1097 2602; x_wconf 79' lang='grc' dir='ltr'><strong><em>α</em></strong></span> <span class='ocrx_word' id='word_1_152' title='bbox 1110 2539 1285 2609; x_wconf 88' lang='lat' dir='ltr'><strong>Memine-</strong></span> 
     </span>
     <span class='ocr_line' id='line_1_22' title="bbox 220 2645 1284 2746; baseline 0 -29"><span class='ocrx_word' id='word_1_153' title='bbox 220 2650 314 2737; x_wconf 88' lang='lat' dir='ltr'><strong>riut,</strong></span> <span class='ocrx_word' id='word_1_154' title='bbox 340 2648 641 2746; x_wconf 83' lang='lat' dir='ltr'><strong>qualitercunque</strong></span> <span class='ocrx_word' id='word_1_155' title='bbox 669 2646 915 2745; x_wconf 86' lang='lat' dir='ltr'><strong>praeliantibus</strong></span> <span class='ocrx_word' id='word_1_156' title='bbox 946 2645 1151 2718; x_wconf 90' lang='lat' dir='ltr'><strong>cadendum</strong></span> <span class='ocrx_word' id='word_1_157' title='bbox 1179 2670 1284 2719; x_wconf 87' lang='lat' dir='ltr'><strong>esse:</strong></span> 
     </span>
     <span class='ocr_line' id='line_1_23' title="bbox 223 2754 1285 2856; baseline 0.002 -29"><span class='ocrx_word' id='word_1_158' title='bbox 223 2770 413 2845; x_wconf 85' lang='lat' dir='ltr'><strong>caverent,</strong></span> <span class='ocrx_word' id='word_1_159' title='bbox 441 2781 490 2828; x_wconf 90' lang='lat' dir='ltr'><strong>ne</strong></span> <span class='ocrx_word' id='word_1_160' title='bbox 512 2754 643 2829; x_wconf 86' lang='lat' dir='ltr'><strong>fortius</strong></span> <span class='ocrx_word' id='word_1_161' title='bbox 664 2759 857 2846; x_wconf 86' lang='lat' dir='ltr'><strong>mansisse,</strong></span> <span class='ocrx_word' id='word_1_162' title='bbox 885 2780 994 2854; x_wconf 91' lang='lat' dir='ltr'><strong>quam</strong></span> <span class='ocrx_word' id='word_1_163' title='bbox 1022 2755 1223 2856; x_wconf 56' lang='lat' dir='ltr'><strong>dimicasse¹</strong></span> <span class='ocrx_word' id='word_1_164' title='bbox 1233 2760 1285 2829; x_wconf 85' lang='lat' dir='ltr'><strong>vi·</strong></span> 
     </span>
     <span class='ocr_line' id='line_1_24' title="bbox 178 2865 1285 2967; baseline 0.005 -32"><span class='ocrx_word' id='word_1_165' title='bbox 178 2897 210 2935; x_wconf 79' lang='lat' dir='ltr'><strong>u</strong></span> <span class='ocrx_word' id='word_1_166' title='bbox 222 2865 397 2956; x_wconf 80' lang='lat' dir='ltr'><strong>deantur3</strong></span> <span class='ocrx_word' id='word_1_167' title='bbox 411 2890 480 2939; x_wconf 91' lang='lat' dir='ltr'><strong>nec</strong></span> <span class='ocrx_word' id='word_1_168' title='bbox 497 2868 799 2967; x_wconf 83' lang='lat' dir='ltr'><strong>exspectandum,</strong></span> <span class='ocrx_word' id='word_1_169' title='bbox 812 2880 854 2939; x_wconf 90' lang='lat' dir='ltr'><strong>ut</strong></span> <span class='ocrx_word' id='word_1_170' title='bbox 869 2866 915 2939; x_wconf 89' lang='lat' dir='ltr'><strong>ab</strong></span> <span class='ocrx_word' id='word_1_171' title='bbox 928 2865 1033 2939; x_wconf 86' lang='lat' dir='ltr'><strong>hoste</strong></span> <span class='ocrx_word' id='word_1_172' title='bbox 1048 2868 1285 2941; x_wconf 83' lang='lat' dir='ltr'><strong>circumveni·</strong></span> 
     </span>
     <span class='ocr_line' id='line_1_25' title="bbox 223 2976 1287 3068; baseline 0.004 -18"><span class='ocrx_word' id='word_1_173' title='bbox 223 2992 370 3068; x_wconf 88' lang='lat' dir='ltr'><strong>rentur,</strong></span> <span class='ocrx_word' id='word_1_174' title='bbox 391 2977 454 3050; x_wconf 88' lang='lat' dir='ltr'><strong>sed</strong></span> <span class='ocrx_word' id='word_1_175' title='bbox 475 2976 564 3051; x_wconf 89' lang='lat' dir='ltr'><strong>dum</strong></span> <span class='ocrx_word' id='word_1_176' title='bbox 588 3004 666 3051; x_wconf 81' lang='lat' dir='ltr'><strong>nox</strong></span> <span class='ocrx_word' id='word_1_177' title='bbox 691 2981 924 3052; x_wconf 86' lang='lat' dir='ltr'><strong>occasionem</strong></span> <span class='ocrx_word' id='word_1_178' title='bbox 947 2976 1067 3067; x_wconf 86' lang='lat' dir='ltr'><strong>daret,</strong></span> <span class='ocrx_word' id='word_1_179' title='bbox 1089 2982 1226 3053; x_wconf 84' lang='lat' dir='ltr'><strong>securis</strong></span> <span class='ocrx_word' id='word_1_180' title='bbox 1250 2996 1287 3054; x_wconf 91' lang='lat' dir='ltr'><strong>et</strong></span> 
     </span>
     <span class='ocr_line' id='line_1_26' title="bbox 180 3087 1287 3189; baseline 0.01 -35"><span class='ocrx_word' id='word_1_181' title='bbox 180 3100 213 3155; x_wconf 77' lang='lat'><strong>13</strong></span> <span class='ocrx_word' id='word_1_182' title='bbox 224 3087 313 3161; x_wconf 84' lang='lat' dir='ltr'><strong>laetis</strong></span> <span class='ocrx_word' id='word_1_183' title='bbox 330 3089 681 3189; x_wconf 82' lang='lat' dir='ltr'><strong>superveniendum:</strong></span> <span class='ocrx_word' id='word_1_184' title='bbox 701 3115 884 3189; x_wconf 88' lang='lat' dir='ltr'><strong>nusquam</strong></span> <span class='ocrx_word' id='word_1_185' title='bbox 905 3092 1060 3162; x_wconf 82' lang='lat' dir='ltr'><strong>victores</strong></span> <span class='ocrx_word' id='word_1_186' title='bbox 1080 3090 1287 3181; x_wconf 82' lang='lat' dir='ltr'><strong>honestius,</strong></span> 
     </span>
     <span class='ocr_line' id='line_1_27' title="bbox 181 3198 1288 3299; baseline 0.004 -27"><span class='ocrx_word' id='word_1_187' title='bbox 181 3222 213 3281; x_wconf 68' lang='lat' dir='ltr'><strong>it</strong></span> <span class='ocrx_word' id='word_1_188' title='bbox 225 3224 335 3299; x_wconf 90' lang='lat' dir='ltr'><strong>quam</strong></span> <span class='ocrx_word' id='word_1_189' title='bbox 346 3201 386 3273; x_wconf 94' lang='lat' dir='ltr'><strong>iu</strong></span> <span class='ocrx_word' id='word_1_190' title='bbox 398 3200 522 3271; x_wconf 89' lang='lat' dir='ltr'><strong>castris</strong></span> <span class='ocrx_word' id='word_1_191' title='bbox 533 3198 695 3272; x_wconf 86' lang='lat' dir='ltr'><strong>hostium</strong></span> <span class='ocrx_word' id='word_1_192' title='bbox 709 3203 928 3299; x_wconf 71' lang='lat' dir='ltr'><strong>perituros.»</strong></span> <span class='ocrx_word' id='word_1_193' title='bbox 942 3201 1041 3275; x_wconf 86' lang='lat' dir='ltr'><strong>Nihil</strong></span> <span class='ocrx_word' id='word_1_194' title='bbox 1053 3218 1129 3276; x_wconf 86' lang='lat' dir='ltr'><strong>erat</strong></span> <span class='ocrx_word' id='word_1_195' title='bbox 1141 3202 1288 3277; x_wconf 84' lang='lat' dir='ltr'><strong>difficile</strong></span> 
     </span>
     <span class='ocr_line' id='line_1_28' title="bbox 224 3312 1287 3412; baseline 0 -26"><span class='ocrx_word' id='word_1_196' title='bbox 224 3312 440 3412; x_wconf 85' lang='lat' dir='ltr'><strong>persuadere</strong></span> <span class='ocrx_word' id='word_1_197' title='bbox 462 3314 639 3411; x_wconf 88' lang='lat' dir='ltr'><strong>persuasis</strong></span> <span class='ocrx_word' id='word_1_198' title='bbox 661 3314 756 3386; x_wconf 88' lang='lat' dir='ltr'><strong>mori</strong></span> <span class='ocrx_word' id='word_1_199' title='bbox 773 3339 782 3382; x_wconf 76' lang='grc' dir='ltr'><strong>ι</strong></span> <span class='ocrx_word' id='word_1_200' title='bbox 802 3315 920 3385; x_wconf 87' lang='lat' dir='ltr'><strong>statim</strong></span> <span class='ocrx_word' id='word_1_201' title='bbox 942 3338 1042 3385; x_wconf 87' lang='lat' dir='ltr'><strong>arma</strong></span> <span class='ocrx_word' id='word_1_202' title='bbox 1063 3318 1231 3412; x_wconf 90' lang='lat' dir='ltr'><strong>capiunt,</strong></span> <span class='ocrx_word' id='word_1_203' title='bbox 1250 3330 1287 3387; x_wconf 88' lang='lat' dir='ltr'><strong>et</strong></span> 
     </span>
     <span class='ocr_line' id='line_1_29' title="bbox 223 3423 1287 3524; baseline -0.002 -27"><span class='ocrx_word' id='word_1_204' title='bbox 223 3426 384 3497; x_wconf 84' lang='lat' dir='ltr'><strong>sexcenti</strong></span> <span class='ocrx_word' id='word_1_205' title='bbox 393 3425 458 3496; x_wconf 88' lang='lat' dir='ltr'><strong>viri</strong></span> <span class='ocrx_word' id='word_1_206' title='bbox 472 3437 587 3497; x_wconf 88' lang='lat' dir='ltr'><strong>castra</strong></span> <span class='ocrx_word' id='word_1_207' title='bbox 599 3426 885 3523; x_wconf 80' lang='lat' dir='ltr'><strong>quingentorum</strong></span> <span class='ocrx_word' id='word_1_208' title='bbox 896 3423 1049 3495; x_wconf 91' lang='lat' dir='ltr'><strong>millium</strong></span> <span class='ocrx_word' id='word_1_209' title='bbox 1059 3426 1287 3524; x_wconf 84' lang='lat' dir='ltr'><strong>irrumpunt;</strong></span> 
     </span>
    </p>
   </div>
   <div class='ocr_carea' id='block_1_2' title="bbox 225 3623 1289 4170">
    <p class='ocr_par' dir='ltr' id='par_1_2' title="bbox 225 3623 1289 4091">
     <span class='ocr_line' id='line_1_30' title="bbox 261 3623 1288 3699; baseline -0.001 -19"><span class='ocrx_word' id='word_1_210' title='bbox 261 3627 287 3683; x_wconf 81' lang='lat' dir='ltr'><strong>t.</strong></span> <span class='ocrx_word' id='word_1_211' title='bbox 303 3631 395 3681; x_wconf 74' lang='lat' dir='ltr'><strong>Teucri.</strong></span> <span class='ocrx_word' id='word_1_212' title='bbox 414 3627 522 3699; x_wconf 83' lang='lat' dir='ltr'><strong>Quippe</strong></span> <span class='ocrx_word' id='word_1_213' title='bbox 540 3624 678 3699; x_wconf 76' lang='lat' dir='ltr'><strong>proditum</strong></span> <span class='ocrx_word' id='word_1_214' title='bbox 700 3624 733 3677; x_wconf 80' lang='lat' dir='ltr'><strong>ab</strong></span> <span class='ocrx_word' id='word_1_215' title='bbox 774 3623 987 3687; x_wconf 62' lang='lat' dir='ltr'><strong>meddatlllo</strong></span> <span class='ocrx_word' id='word_1_216' title='bbox 996 3624 1147 3695; x_wconf 70' lang='lat' dir='ltr'><strong>Mycenas·</strong></span> <span class='ocrx_word' id='word_1_217' title='bbox 1159 3636 1186 3679; x_wconf 88' lang='lat' dir='ltr'><strong>et</strong></span> <span class='ocrx_word' id='word_1_218' title='bbox 1201 3626 1288 3679; x_wconf 78' lang='lat' dir='ltr'><strong>&#39;l&#39;hes-</strong></span> 
     </span>
     <span class='ocr_line' id='line_1_31' title="bbox 225 3701 1288 3778; baseline -0.002 -19"><span class='ocrx_word' id='word_1_219' title='bbox 225 3704 501 3778; x_wconf 61' lang='lat' dir='ltr'><strong>Ephialtedlerodot.</strong></span> <span class='ocrx_word' id='word_1_220' title='bbox 509 3704 720 3770; x_wconf 53' lang='lat' dir='ltr'><strong>vlunt-218.</strong></span> <span class='ocrx_word' id='word_1_221' title='bbox 774 3704 958 3777; x_wconf 75' lang='lat' dir='ltr'><strong>pios3prituus</strong></span> <span class='ocrx_word' id='word_1_222' title='bbox 966 3701 1052 3772; x_wconf 87' lang='lat' dir='ltr'><strong>(Vll,</strong></span> <span class='ocrx_word' id='word_1_223' title='bbox 1066 3720 1130 3768; x_wconf 69' lang='grc' dir='ltr'><strong>ως</strong></span> <span class='ocrx_word' id='word_1_224' title='bbox 1150 3704 1210 3757; x_wconf 83' lang='lat' dir='ltr'><strong>coll.</strong></span> <span class='ocrx_word' id='word_1_225' title='bbox 1226 3708 1288 3774; x_wconf 74' lang='lat' dir='ltr'><strong>eoa)</strong></span> 
     </span>
     <span class='ocr_line' id='line_1_32' title="bbox 260 3780 1262 3855; baseline -0.002 -20"><span class='ocrx_word' id='word_1_226' title='bbox 260 3802 286 3855; x_wconf 89' lang='lat'><strong>7.</strong></span> <span class='ocrx_word' id='word_1_227' title='bbox 298 3783 390 3837; x_wconf 81' lang='lat' dir='ltr'><strong>Audito</strong></span> <span class='ocrx_word' id='word_1_228' title='bbox 405 3788 469 3854; x_wconf 69' lang='lat' dir='ltr'><strong>regis</strong></span> <span class='ocrx_word' id='word_1_229' title='bbox 479 3796 529 3837; x_wconf 88' lang='lat' dir='ltr'><strong>etc.</strong></span> <span class='ocrx_word' id='word_1_230' title='bbox 541 3783 610 3837; x_wconf 83' lang='lat' dir='ltr'><strong>coll.</strong></span> <span class='ocrx_word' id='word_1_231' title='bbox 627 3784 651 3851; x_wconf 72' lang='grc' dir='ltr'><strong>ς.</strong></span> <span class='ocrx_word' id='word_1_232' title='bbox 664 3800 692 3835; x_wconf 82' lang='grc' dir='ltr'><strong>ιι</strong></span> <span class='ocrx_word' id='word_1_233' title='bbox 708 3793 736 3835; x_wconf 81' lang='lat' dir='ltr'><strong>et</strong></span> <span class='ocrx_word' id='word_1_234' title='bbox 775 3782 949 3854; x_wconf 82' lang='lat' dir='ltr'><strong>&#39;l&#39;hetpienses</strong></span> <span class='ocrx_word' id='word_1_235' title='bbox 960 3794 1038 3853; x_wconf 83' lang='lat' dir='ltr'><strong>atque</strong></span> <span class='ocrx_word' id='word_1_236' title='bbox 1050 3780 1192 3835; x_wconf 76' lang='lat' dir='ltr'><strong>Thebanos</strong></span> <span class='ocrx_word' id='word_1_237' title='bbox 1200 3800 1262 3851; x_wconf 86' lang='lat'>7⁰⁰·</span> 
     </span>
     <span class='ocr_line' id='line_1_33' title="bbox 228 3856 1288 3935; baseline -0.001 -20"><span class='ocrx_word' id='word_1_238' title='bbox 228 3860 337 3926; x_wconf 59' lang='lat' dir='ltr'><strong>mulii</strong></span> <span class='ocrx_word' id='word_1_239' title='bbox 360 3865 412 3917; x_wconf 83' lang='lat'><strong>6⁰⁰</strong></span> <span class='ocrx_word' id='word_1_240' title='bbox 436 3864 579 3935; x_wconf 70' lang='lat' dir='ltr'><strong>Spartanos</strong></span> <span class='ocrx_word' id='word_1_241' title='bbox 596 3872 735 3926; x_wconf 72' lang='lat' dir='ltr'><strong>uummt,</strong></span> <span class='ocrx_word' id='word_1_242' title='bbox 811 3856 1123 3914; x_wconf 58' lang='lat' dir='ltr'><strong>&amp;wadallus-odon</strong></span> <span class='ocrx_word' id='word_1_243' title='bbox 1139 3858 1212 3926; x_wconf 83' lang='lat' dir='ltr'><strong>Vll,</strong></span> <span class='ocrx_word' id='word_1_244' title='bbox 1228 3878 1288 3914; x_wconf 73' lang='lat' dir='ltr'><strong>seu.</strong></span> 
     </span>
     <span class='ocr_line' id='line_1_34' title="bbox 225 3938 1289 4013; baseline -0.002 -20"><span class='ocrx_word' id='word_1_245' title='bbox 225 3957 309 4013; x_wconf 82' lang='lat' dir='ltr'><strong>quum</strong></span> <span class='ocrx_word' id='word_1_246' title='bbox 318 3938 483 4006; x_wconf 72' lang='lat' dir='ltr'><strong>Herodotus,</strong></span> <span class='ocrx_word' id='word_1_247' title='bbox 493 3940 628 3995; x_wconf 77' lang='lat' dir='ltr'><strong>Diodorus</strong></span> <span class='ocrx_word' id='word_1_248' title='bbox 636 3940 736 3993; x_wconf 79' lang='lat' dir='ltr'><strong>etl’eu·</strong></span> <span class='ocrx_word' id='word_1_249' title='bbox 813 3957 855 3993; x_wconf 85' lang='grc' dir='ltr'><strong>ιι.</strong></span> <span class='ocrx_word' id='word_1_250' title='bbox 868 3938 1044 3993; x_wconf 76' lang='lat' dir='ltr'><strong>Pmliaatibtu.</strong></span> <span class='ocrx_word' id='word_1_251' title='bbox 1057 3938 1229 3993; x_wconf 75' lang='lat' dir='ltr'><strong>Pmlimrrtur</strong></span> <span class='ocrx_word' id='word_1_252' title='bbox 1237 3939 1289 4011; x_wconf 73' lang='lat' dir='ltr'><strong>igi-</strong></span> 
     </span>
     <span class='ocr_line' id='line_1_35' title="bbox 226 4014 1288 4091; baseline -0.002 -18"><span class='ocrx_word' id='word_1_253' title='bbox 226 4018 736 4090; x_wconf 70' lang='lat' dir='ltr'><strong>ssnimnounisiioouumeoeuepostre·</strong></span> <span class='ocrx_word' id='word_1_254' title='bbox 777 4030 834 4085; x_wconf 86' lang='lat' dir='ltr'><strong>tur,</strong></span> <span class='ocrx_word' id='word_1_255' title='bbox 844 4016 919 4090; x_wconf 87' lang='lat' dir='ltr'><strong>quod</strong></span> <span class='ocrx_word' id='word_1_256' title='bbox 931 4017 1030 4071; x_wconf 84' lang='lat' dir='ltr'><strong>hebent</strong></span> <span class='ocrx_word' id='word_1_257' title='bbox 1043 4014 1104 4071; x_wconf 88' lang='lat' dir='ltr'><strong>edd.</strong></span> <span class='ocrx_word' id='word_1_258' title='bbox 1123 4018 1206 4091; x_wconf 77' lang='lat' dir='ltr'><strong>antiq.</strong></span> <span class='ocrx_word' id='word_1_259' title='bbox 1225 4036 1288 4089; x_wconf 83' lang='lat' dir='ltr'><strong>pre·</strong></span> 
     </span>
    </p>

    <p class='ocr_par' dir='ltr' id='par_1_3' title="bbox 226 4096 1242 4170">
     <span class='ocr_line' id='line_1_36' title="bbox 226 4096 1242 4170; baseline -0.002 -19"><span class='ocrx_word' id='word_1_260' title='bbox 226 4116 286 4152; x_wconf 81' lang='lat' dir='ltr'><strong>mus</strong></span> <span class='ocrx_word' id='word_1_261' title='bbox 299 4108 384 4151; x_wconf 84' lang='lat' dir='ltr'><strong>autern</strong></span> <span class='ocrx_word' id='word_1_262' title='bbox 396 4096 441 4149; x_wconf 87' lang='lat' dir='ltr'><strong>hic</strong></span> <span class='ocrx_word' id='word_1_263' title='bbox 453 4109 549 4169; x_wconf 78' lang='lat' dir='ltr'><strong>preter</strong></span> <span class='ocrx_word' id='word_1_264' title='bbox 563 4096 613 4153; x_wconf 79' lang='lat' dir='ltr'><strong>lios</strong></span> <span class='ocrx_word' id='word_1_265' title='bbox 630 4116 735 4153; x_wconf 71' lang='lat' dir='ltr'><strong>meu·</strong></span> <span class='ocrx_word' id='word_1_266' title='bbox 776 4096 867 4151; x_wconf 79' lang='lat' dir='ltr'><strong>butum</strong></span> <span class='ocrx_word' id='word_1_267' title='bbox 881 4096 1006 4162; x_wconf 84' lang='lat' dir='ltr'><strong>Vorstio,</strong></span> <span class='ocrx_word' id='word_1_268' title='bbox 1017 4106 1055 4151; x_wconf 83' lang='lat' dir='ltr'><strong>est</strong></span> <span class='ocrx_word' id='word_1_269' title='bbox 1066 4096 1137 4151; x_wconf 82' lang='lat' dir='ltr'><strong>illius</strong></span> <span class='ocrx_word' id='word_1_270' title='bbox 1149 4098 1242 4170; x_wconf 68' lang='lat' dir='ltr'><strong>plone.</strong></span> 
     </span>
    </p>
   </div>
   <div class='ocr_carea' id='block_1_3' title="bbox 0 0 1502 4684">
    <p class='ocr_par' dir='ltr' id='par_1_4' title="bbox 0 0 1502 4684">
     <span class='ocr_line' id='line_1_37' title="bbox 0 0 1502 4684; baseline 0 0"><span class='ocrx_word' id='word_1_271' title='bbox 0 0 1502 4684; x_wconf 95' lang='lat' dir='ltr'><strong> </strong></span> 
     </span>
    </p>
   </div>
  </div>
 </body>
</html>
