2967 4684
263 411 334 502 468
690 409 900 483 JUSTINI

260 539 330 609 mis
348 557 428 606 eam
447 531 686 632 plurimisque
701 532 854 606 urbibus
870 534 1073 634 possidere;
1086 549 1123 607 et
1138 531 1246 606 latius
1261 533 1326 604 ali·

263 660 402 746 quanto
428 643 544 716 solum
572 643 725 733 ¹linium,
751 669 861 742 quam
887 645 926 714 in
952 647 1055 734 Asia,
1080 669 1159 743 quae
1185 644 1325 715 dicamr

230 755 434 843 cimbalis,
449 755 596 827 eosdem
609 753 731 828 Gallos
746 778 966 853 occupasset
981 781 1049 836 nec
1064 757 1194 827 victam
1207 754 1324 827 solum

258 867 332 939 dici
349 872 503 939 Romam
525 891 546 938 a
564 863 696 954 Gallis,
709 864 775 938 sed
790 867 898 937 etiam
914 882 1076 966 captam;
1092 868 1142 939 ita
1158 880 1201 940 ut
1215 867 1324 938 unius

258 979 327 1049 illis
341 978 477 1049 montis
491 990 634 1049 tantum
652 1000 828 1048 cacumen
844 976 1129 1074 relinqueretur3
1144 1001 1214 1049 nec
1226 974 1324 1048 bello

227 1089 420 1178 chostem,
441 1087 506 1160 scd
532 1089 650 1186 pretio
675 1101 866 1158 remotum.
894 1087 1082 1159 Gallorum
1107 1101 1229 1159 autem
1256 1111 1324 1157 no·

255 1223 362 1286 men,
385 1197 487 1296 quod
507 1217 651 1295 semper
671 1202 858 1268 Romanos
882 1200 1070 1286 terruerit,
1086 1199 1125 1268 in
1148 1212 1251 1295 parte
1272 1197 1324 1268 vi·

254 1312 350 1382 rium
371 1334 519 1382 suarum
542 1311 662 1406 ipsum
682 1331 884 1378 numerare.
905 1310 998 1378 Nam
1017 1305 1103 1395 hos,
1120 1310 1185 1405 qui
1204 1307 1324 1377 Asiam

253 1422 441 1510 incolunt,
466 1418 588 1492 Gallos
609 1417 656 1490 ab
675 1417 763 1505 illis,
782 1418 846 1515 qui
870 1417 1009 1488 Italiam
1034 1430 1322 1515 occupaverant,

254 1532 400 1605 sedibus
427 1545 570 1602 tantum
598 1528 755 1618 distare3
775 1529 954 1626 originem
979 1528 1127 1627 quidem
1151 1553 1193 1600 ac
1214 1529 1323 1598 virtu·

207 1663 241 1698 ¹⁰
254 1658 350 1728 tem,
374 1664 561 1738 genusque
588 1661 718 1737 pugnae
745 1637 842 1709 idem
870 1637 1007 1711 habere
1023 1636 1235 1736 3'tant0que
1265 1635 1322 1708 his

252 1752 435 1847 sagaciora
448 1773 542 1836 esse,
554 1773 662 1845 quam
675 1747 745 1818 illis
762 1750 926 1846 ingenia,
946 1765 1084 1846 quanto
1100 1748 1258 1846 longiori
1278 1771 1320 1819 ac

251 1859 448 1933 difficiliori
469 1861 586 1958 spatio
605 1883 671 1957 per
691 1858 876 1954 Illyricum
895 1857 1158 1956 Thraciamque
1181 1857 1323 1956 prodie-

251 1973 347 2060 rint,
365 1994 468 2070 paene
490 1970 678 2068 operosius
699 1971 858 2041 transitis
877 1969 1023 2040 illorum
1040 1967 1195 2058 finibus,
1212 1993 1322 2066 qaum

207 2081 316 2152 nubi
339 2079 590 2169 consederint,
606 2081 789 2178 possessis.
812 2084 831 2150 J
833 2104 890 2152 am
910 2080 1025 2178 ipsam
1042 2080 1181 2153 Italiam
1196 2079 1321 2152 audire

252 2217 291 2264 se
308 2215 520 2289 nunquam,
536 2205 578 2264 ut
591 2194 708 2264 Roma.
725 2187 875 2262 condita
890 2191 955 2277 sit,
971 2192 1055 2264 satis
1073 2190 1126 2261 illi
1139 2204 1321 2290 pacatam,

252 2301 316 2374 sed
329 2300 478 2377 adsidue
491 2325 557 2400 per
568 2325 696 2374 omnes
707 2324 826 2372 annos
838 2326 906 2400 pro
919 2299 1084 2373 libertate
1095 2300 1202 2388 alios,
1212 2323 1322 2398 quos·

253 2413 337 2488 dam
350 2417 460 2488 etiam
474 2439 542 2513 pro
559 2413 646 2510 jure'
660 2414 821 2512 imperii,
836 2411 939 2484 bellis
954 2413 1141 2483 continuis
1153 2435 1320 2510 perseve-

252 2623 447 2678 Gallo·Graecia
464 2620 554 2690 XXV,
574 2641 606 2689 a,
621 2625 669 2694 ιι)
684 2623 768 2677 iidem
807 2644 883 2692 cnm,
893 2627 941 2699 qui
948 2625 1042 2699 populi
1053 2626 1134 2679 latent
1142 2623 1171 2677 in
1180 2622 1317 2697 illyricum

253 2701 322 2754 Galli
341 2701 468 2770 (XXIV,
487 2707 518 2768 Δ,
536 2703 569 2771 a)
586 2715 765 2776 occuparunt,
806 2699 1318 2775 atThraeiam)fines,qnampoasederit

251 2779 305 2831 hoc
320 2779 380 2832 loco
394 2781 418 2846 S.
432 2797 457 2848 9.
806 2779 971 2849 (Graecorum
980 2781 1011 2834 in
1023 2778 1083 2834 Asia
1093 2779 1185 2848 fines),
1195 2779 1241 2830 ubi
1254 2797 1317 2831 eon·

287 2858 312 2910 8.
326 2859 447 2915 Martia..
462 2875 583 2909 cucuma.
603 2855 765 2929 Capitolium
805 2857 904 2910 sederit
916 2876 923 2910 :
935 2877 991 2912 non
1004 2855 1196 2910 contemnenda
1209 2869 1249 2908 est
1262 2859 1318 2910 lec·

252 2935 311 2986 Liv.
334 2933 377 2999 V,
396 2934 443 2998 43,
465 2939 497 3002 67
516 2945 543 2985 et
562 2939 604 3000 49.
622 2963 657 2974 -
674 2937 764 2988 Pretio.
805 2933 930 2988 tiocodd.
938 2933 1105 3008 quorundam
1113 2930 1316 2999 acriora,idett‚

251 3011 311 3063 Lir.
326 3009 362 3074 V,
377 3011 410 3075 48
423 3023 450 3063 et
463 3017 507 3078 49.
803 3012 944 3087 pugnandi
954 3011 1106 3086 cupidiora,
1118 3013 1255 3078 alacriora,
1264 3012 1320 3066 for·

287 3107 313 3158 9.
325 3089 448 3142 Gallorum
460 3100 540 3140 autem
551 3107 649 3153 nomen,
662 3101 712 3144 etc.
724 3089 765 3143 De
804 3089 881 3144 tion,
892 3089 958 3143 vid.
968 3088 1026 3143 ind.
1038 3092 1066 3144 in
1078 3109 1168 3143 mcum
1180 3090 1273 3143 Horat.

251 3187 280 3222 re
291 3169 393 3240 respice
402 3165 508 3233 XXIV,
518 3172 586 3233 dm
596 3167 625 3220 in
636 3167 722 3221 verbis
731 3187 765 3222 ex
842 3188 884 3223 lt.
901 3175 967 3222 lun.
983 3170 1069 3223 Gron.
1085 3187 1151 3222 avus
1168 3185 1199 3221 ex
1216 3168 1319 3241 aliquot

250 3249 310 3318 lege
326 3246 360 3302 ad
373 3249 397 3316 S.
413 3265 424 3300 1
438 3245 523 3318 posita
535 3257 644 3298 correct
656 3251 767 3300 terruerit
804 3243 883 3303 codd.
897 3250 998 3301 mavult
1007 3249 1075 3311 eice,
1088 3259 1119 3299 ut
1131 3247 1165 3300 ait
1176 3247 1255 3298 altera
1266 3247 1318 3298 im-

250 3329 409 3398 proterruit,
424 3337 451 3377 et
464 3342 525 3378 cum
538 3321 623 3378 Gron.
634 3341 683 3380 avo
689 3337 764 3396 parte
803 3325 871 3398 perii
886 3339 1029 3380 etsensim
1045 3339 1072 3378 et
1087 3326 1224 3378 consulum
1237 3345 1316 3396 pars,

251 3407 326 3476 ipsum
343 3395 466 3457 numerare
478 3421 528 3475 pro
540 3415 635 3476 partem
651 3406 700 3476 ipse
715 3423 762 3456 mc·
801 3423 853 3476 pro
864 3422 916 3476 qua
926 3425 953 3458 v.
964 3423 989 3456 c.
1001 3402 1088 3456 Latini
1104 3422 1147 3456 an.
1163 3403 1214 3467 415
1229 3415 1315 3455 certa·

251 3495 334 3548 meret,
343 3501 425 3555 quum
432 3483 465 3534 sit
471 3481 633 3534 constructio
640 3481 761 3554 obliqua3
800 3493 880 3546 runt,
892 3481 956 3552 qui,
972 3494 1003 3534 ut
1015 3482 1086 3535 Flor.
1100 3480 1131 3546 1,
1148 3487 1197 3545 14,
1213 3498 1245 3546 ι,
1258 3481 1313 3547 ait,

249 3579 299 3614 nec
310 3561 390 3616 latine
402 3560 506 3614 dicanti·
518 3579 642 3612 memorum
659 3562 684 3611 in
695 3580 762 3632 par*-
795 3563 839 3630 jur
856 3563 969 3625 civitam,
982 3572 1077 3631 partem
1097 3561 1188 3631 inperii
1207 3578 1237 3610 ac
1256 3578 1312 3610 ma·

250 3651 308 3703 tem,
324 3637 370 3694 aed
389 3644 415 3692 in
427 3651 518 3713 parte,
536 3650 564 3691 ct
582 3636 690 3711 quidem
708 3638 762 3692 hoc
794 3641 941 3708 gistratum
953 3638 1104 3710 poscebam
1120 3656 1236 3710 quorum
1255 3637 1312 3691 dux

249 3715 310 3767 loco
331 3719 418 3770 ouium
437 3736 549 3782 sanarunt,
569 3715 669 3783 idest,
689 3717 760 3771 inter
799 3715 1311 3788 apudLiv.VlII‚4‚4:Gurnonalter,

249 3791 395 3866 adsertores
407 3797 532 3867 potentin
544 3813 606 3850 suar.
800 3797 892 3868 iuquit,
910 3814 928 3846 a
948 3797 1038 3846 urinis
1057 3795 1143 3846 consul
1161 3794 1254 3846 datur?
1269 3793 1313 3846 ubi

286 3890 326 3924 ιο.
351 3876 489 3942 Sagarim.
517 3871 700 3928 Prudentiora.
724 3871 760 3926 At
793 3893 855 3944 pars
871 3876 974 3936 ouium,
993 3872 1028 3924 itt
1045 3886 1069 3923 et
1086 3875 1178 3944 tapetii
1188 3892 1249 3944 pars
1266 3884 1311 3924 est.

247 3967 332 4020 quum
350 3949 402 4000 hoc
423 3952 483 4004 loro
504 3965 593 4004 orator
611 3952 661 4002 iter
679 3949 759 4022 hujus
800 3949 878 4002 Conl'.
890 3951 1013 4006 hocloco
1026 3952 1049 4018 S.
1066 3951 1107 4003 13.
1122 3981 1156 3992 ·-
1167 3951 1239 4002 Bellis
1251 3970 1311 4000 con-

245 4025 333 4098 gentis
372 4025 555 4096 longissimum,
591 4027 758 4099 difficillimum
799 4031 871 4080 tinais
877 4048 1047 4100 perseverasse.
1059 4027 1116 4081 Hac
1128 4026 1163 4080 dc
1177 4028 1312 4082 reconlcr

244 4115 434 4157 commemoret
443 4139 458 4170 ‚-
479 4119 510 4158 ut
534 4123 609 4177 paeue
638 4109 758 4178 operosius
797 4109 975 4180 Montesquieu,
993 4107 1156 4161 Graadcuret
1169 4107 1311 4160 Da'cadeuce

241 4181 377 4234 uansiorit
384 4180 489 4234 illorum
495 4183 758 4253 (Illyriorum,‘l‘l1ra·
798 4185 840 4240 des
846 4177 972 4253 aomina,
982 4188 1051 4262 clap.
1061 4193 1093 4242 1:
1104 4191 1268 4254 &samu
1276 4187 1310 4238 lu
