<?xml version="1.0" encoding="UTF-8"?>
<!DOCTYPE html PUBLIC "-//W3C//DTD XHTML 1.0 Transitional//EN"
    "http://www.w3.org/TR/xhtml1/DTD/xhtml1-transitional.dtd">
<html xmlns="http://www.w3.org/1999/xhtml" xml:lang="en" lang="en">
 <head>
  <title>
</title>
<meta http-equiv="Content-Type" content="text/html;charset=utf-8" />
  <meta name='ocr-system' content='tesseract 3.04.00' />
  <meta name='ocr-capabilities' content='ocr_page ocr_carea ocr_par ocr_line ocrx_word'/>
</head>
<body>
  <div class='ocr_page' id='page_1' title='image "./justinihistoria00lemagoog_0267.png"; bbox 0 0 2967 4684; ppageno 0'>
   <div class='ocr_carea' id='block_1_1' title="bbox 140 277 867 358">
    <p class='ocr_par' dir='ltr' id='par_1_1' title="bbox 140 277 867 358">
     <span class='ocr_line' id='line_1_1' title="bbox 140 277 867 358; baseline -0.006 -4"><span class='ocrx_word' id='word_1_1' title='bbox 140 335 142 338; x_wconf 91' lang='lat'>-</span> <span class='ocrx_word' id='word_1_2' title='bbox 234 283 301 358; x_wconf 77' lang='lat'>232</span> <span class='ocrx_word' id='word_1_3' title='bbox 449 295 453 302; x_wconf 91' lang='lat'>&#39;</span> <span class='ocrx_word' id='word_1_4' title='bbox 658 277 867 352; x_wconf 86' lang='lat' dir='ltr'>IUSTINI</span> 
     </span>
    </p>
   </div>
   <div class='ocr_carea' id='block_1_2' title="bbox 197 400 1342 2704">
    <p class='ocr_par' dir='ltr' id='par_1_2' title="bbox 197 400 1342 2704">
     <span class='ocr_line' id='line_1_2' title="bbox 207 400 1287 500; baseline 0 -26"><span class='ocrx_word' id='word_1_5' title='bbox 207 441 218 474; x_wconf 83' lang='lat' dir='ltr'>t</span> <span class='ocrx_word' id='word_1_6' title='bbox 280 411 340 478; x_wconf 88' lang='lat' dir='ltr'>XI.</span> <span class='ocrx_word' id='word_1_7' title='bbox 357 404 448 476; x_wconf 90' lang='lat' dir='ltr'>inde</span> <span class='ocrx_word' id='word_1_8' title='bbox 466 401 636 474; x_wconf 88' lang='lat' dir='ltr'>Rhodum</span> <span class='ocrx_word' id='word_1_9' title='bbox 655 400 872 490; x_wconf 82' lang='lat' dir='ltr'><strong>Alexander,</strong></span> <span class='ocrx_word' id='word_1_10' title='bbox 887 405 1094 500; x_wconf 80' lang='lat' dir='ltr'>AEgyptum‚</span> <span class='ocrx_word' id='word_1_11' title='bbox 1111 401 1287 474; x_wconf 85' lang='lat' dir='ltr'>Ciliciam·</span> 
     </span>
     <span class='ocr_line' id='line_1_3' title="bbox 206 510 1288 612; baseline -0.002 -26"><span class='ocrx_word' id='word_1_12' title='bbox 206 541 321 612; x_wconf 78' lang='lat' dir='ltr'>sque,</span> <span class='ocrx_word' id='word_1_13' title='bbox 341 517 417 586; x_wconf 93' lang='lat' dir='ltr'>sine</span> <span class='ocrx_word' id='word_1_14' title='bbox 438 512 632 583; x_wconf 79' lang='lat' dir='ltr'><strong>certamine</strong></span> <span class='ocrx_word' id='word_1_15' title='bbox 653 513 791 610; x_wconf 82' lang='lat' dir='ltr'>recipit</span> <span class='ocrx_word' id='word_1_16' title='bbox 812 510 868 583; x_wconf 78' lang='lat' dir='ltr'>td</span> <span class='ocrx_word' id='word_1_17' title='bbox 887 517 1011 582; x_wconf 85' lang='lat' dir='ltr'>iovem</span> <span class='ocrx_word' id='word_1_18' title='bbox 1030 510 1160 584; x_wconf 92' lang='lat' dir='ltr'>deinde</span> <span class='ocrx_word' id='word_1_19' title='bbox 1181 517 1288 584; x_wconf 85' lang='lat' dir='ltr'>Ham·</span> 
     </span>
     <span class='ocr_line' id='line_1_4' title="bbox 232 619 1289 720; baseline 0.001 -27"><span class='ocrx_word' id='word_1_20' title='bbox 232 647 380 694; x_wconf 88' lang='lat' dir='ltr'>monem</span> <span class='ocrx_word' id='word_1_21' title='bbox 397 622 530 720; x_wconf 90' lang='lat' dir='ltr'>pergit,</span> <span class='ocrx_word' id='word_1_22' title='bbox 549 619 780 692; x_wconf 86' lang='lat' dir='ltr'>consulturus</span> <span class='ocrx_word' id='word_1_23' title='bbox 796 635 833 692; x_wconf 88' lang='lat' dir='ltr'>et</span> <span class='ocrx_word' id='word_1_24' title='bbox 850 620 896 694; x_wconf 90' lang='lat' dir='ltr'>de</span> <span class='ocrx_word' id='word_1_25' title='bbox 914 639 1047 694; x_wconf 81' lang='lat' dir='ltr'>eveum</span> <span class='ocrx_word' id='word_1_26' title='bbox 1063 619 1289 712; x_wconf 83' lang='lat' dir='ltr'>lutururtun,</span> 
     </span>
     <span class='ocr_line' id='line_1_5' title="bbox 204 732 1288 830; baseline -0.001 -27"><span class='ocrx_word' id='word_1_27' title='bbox 204 750 269 806; x_wconf 75' lang='lat' dir='ltr'>aet</span> <span class='ocrx_word' id='word_1_28' title='bbox 286 734 331 804; x_wconf 89' lang='lat' dir='ltr'>de</span> <span class='ocrx_word' id='word_1_29' title='bbox 352 733 489 829; x_wconf 83' lang='lat' dir='ltr'>origine</span> <span class='ocrx_word' id='word_1_30' title='bbox 506 755 578 803; x_wconf 88' lang='lat' dir='ltr'>sua.</span> <span class='ocrx_word' id='word_1_31' title='bbox 593 735 757 828; x_wconf 85' lang='lat' dir='ltr'>Namque</span> <span class='ocrx_word' id='word_1_32' title='bbox 772 745 886 802; x_wconf 88' lang='lat' dir='ltr'>mater</span> <span class='ocrx_word' id='word_1_33' title='bbox 905 733 981 828; x_wconf 85' lang='lat' dir='ltr'>ejus</span> <span class='ocrx_word' id='word_1_34' title='bbox 997 732 1183 830; x_wconf 85' lang='lat' dir='ltr'>Olympias</span> <span class='ocrx_word' id='word_1_35' title='bbox 1200 757 1288 803; x_wconf 91' lang='lat' dir='ltr'>con-</span> 
     </span>
     <span class='ocr_line' id='line_1_6' title="bbox 231 839 1289 940; baseline 0 -26"><span class='ocrx_word' id='word_1_36' title='bbox 231 843 324 916; x_wconf 80' lang='lat' dir='ltr'>fessa</span> <span class='ocrx_word' id='word_1_37' title='bbox 337 845 417 916; x_wconf 80' lang='lat' dir='ltr'>viro</span> <span class='ocrx_word' id='word_1_38' title='bbox 434 867 498 914; x_wconf 92' lang='lat' dir='ltr'>suo</span> <span class='ocrx_word' id='word_1_39' title='bbox 517 841 684 940; x_wconf 90' lang='lat' dir='ltr'>Philippo</span> <span class='ocrx_word' id='word_1_40' title='bbox 705 839 839 930; x_wconf 88' lang='lat' dir='ltr'>luerat,</span> <span class='ocrx_word' id='word_1_41' title='bbox 852 871 870 908; x_wconf 75' lang='lat' dir='ltr'>a</span> <span class='ocrx_word' id='word_1_42' title='bbox 883 841 1126 914; x_wconf 78' lang='lat' dir='ltr'>Alexandrum</span> <span class='ocrx_word' id='word_1_43' title='bbox 1146 864 1225 913; x_wconf 88' lang='lat' dir='ltr'>non</span> <span class='ocrx_word' id='word_1_44' title='bbox 1245 867 1289 914; x_wconf 82' lang='lat' dir='ltr'>ex</span> 
     </span>
     <span class='ocr_line' id='line_1_7' title="bbox 234 952 1342 1050; baseline -0.003 -24"><span class='ocrx_word' id='word_1_45' title='bbox 234 981 278 1026; x_wconf 91' lang='lat' dir='ltr'>eo</span> <span class='ocrx_word' id='word_1_46' title='bbox 297 980 353 1043; x_wconf 87' lang='lat' dir='ltr'>se,</span> <span class='ocrx_word' id='word_1_47' title='bbox 368 953 431 1026; x_wconf 91' lang='lat' dir='ltr'>sed</span> <span class='ocrx_word' id='word_1_48' title='bbox 453 977 497 1026; x_wconf 85' lang='lat' dir='ltr'>ex</span> <span class='ocrx_word' id='word_1_49' title='bbox 520 967 687 1050; x_wconf 85' lang='lat' dir='ltr'>serpente</span> <span class='ocrx_word' id='word_1_50' title='bbox 710 955 865 1050; x_wconf 86' lang='lat' dir='ltr'>ingentis</span> <span class='ocrx_word' id='word_1_51' title='bbox 882 952 1141 1050; x_wconf 82' lang='lat' dir='ltr'>magnitudinis</span> <span class='ocrx_word' id='word_1_52' title='bbox 1157 976 1289 1024; x_wconf 89' lang='lat' dir='ltr'>conce·</span> <span class='ocrx_word' id='word_1_53' title='bbox 1339 1007 1342 1010; x_wconf 68' lang='lat'>.</span> 
     </span>
     <span class='ocr_line' id='line_1_8' title="bbox 206 1063 1290 1162; baseline -0.002 -28"><span class='ocrx_word' id='word_1_54' title='bbox 206 1066 366 1162; x_wconf 77' lang='lat' dir='ltr'>spisse.»</span> <span class='ocrx_word' id='word_1_55' title='bbox 379 1066 544 1162; x_wconf 90' lang='lat' dir='ltr'>Denique</span> <span class='ocrx_word' id='word_1_56' title='bbox 559 1063 746 1162; x_wconf 85' lang='lat' dir='ltr'>Philippus</span> <span class='ocrx_word' id='word_1_57' title='bbox 756 1063 884 1135; x_wconf 91' lang='lat' dir='ltr'>ultimo</span> <span class='ocrx_word' id='word_1_58' title='bbox 898 1088 1015 1162; x_wconf 85' lang='lat' dir='ltr'>prope</span> <span class='ocrx_word' id='word_1_59' title='bbox 1026 1065 1106 1134; x_wconf 71' lang='lat' dir='ltr'>vitae</span> <span class='ocrx_word' id='word_1_60' title='bbox 1119 1087 1191 1133; x_wconf 82' lang='lat' dir='ltr'>suae</span> <span class='ocrx_word' id='word_1_61' title='bbox 1204 1077 1290 1133; x_wconf 87' lang='lat' dir='ltr'>tem·</span> 
     </span>
     <span class='ocr_line' id='line_1_9' title="bbox 236 1171 1290 1272; baseline -0.003 -27"><span class='ocrx_word' id='word_1_62' title='bbox 236 1199 342 1272; x_wconf 88' lang='lat' dir='ltr'>pore,</span> <span class='ocrx_word' id='word_1_63' title='bbox 363 1205 380 1240; x_wconf 75' lang='lat' dir='ltr'>a</span> <span class='ocrx_word' id='word_1_64' title='bbox 394 1174 508 1246; x_wconf 86' lang='lat' dir='ltr'>lilium</span> <span class='ocrx_word' id='word_1_65' title='bbox 528 1198 634 1244; x_wconf 89' lang='lat' dir='ltr'>suum</span> <span class='ocrx_word' id='word_1_66' title='bbox 654 1198 732 1244; x_wconf 89' lang='lat' dir='ltr'>non</span> <span class='ocrx_word' id='word_1_67' title='bbox 749 1197 871 1262; x_wconf 80' lang='lat' dir='ltr'>esse,»</span> <span class='ocrx_word' id='word_1_68' title='bbox 890 1173 1008 1272; x_wconf 86' lang='lat' dir='ltr'>palam</span> <span class='ocrx_word' id='word_1_69' title='bbox 1029 1171 1290 1271; x_wconf 76' lang='lat' dir='ltr'>praedicaverat</span> 
     </span>
     <span class='ocr_line' id='line_1_10' title="bbox 207 1283 1291 1382; baseline -0.004 -26"><span class='ocrx_word' id='word_1_70' title='bbox 207 1285 313 1372; x_wconf 79' lang='lat' dir='ltr'>tQua</span> <span class='ocrx_word' id='word_1_71' title='bbox 330 1309 373 1356; x_wconf 90' lang='lat' dir='ltr'>ex</span> <span class='ocrx_word' id='word_1_72' title='bbox 394 1308 516 1356; x_wconf 87' lang='lat' dir='ltr'>caussa</span> <span class='ocrx_word' id='word_1_73' title='bbox 531 1283 796 1382; x_wconf 84' lang='lat' dir='ltr'>Olympiadem,</span> <span class='ocrx_word' id='word_1_74' title='bbox 807 1283 906 1355; x_wconf 87' lang='lat' dir='ltr'>velut</span> <span class='ocrx_word' id='word_1_75' title='bbox 920 1285 1035 1382; x_wconf 89' lang='lat' dir='ltr'>stupri</span> <span class='ocrx_word' id='word_1_76' title='bbox 1051 1297 1291 1381; x_wconf 85' lang='lat' dir='ltr'>compertam,</span> 
     </span>
     <span class='ocr_line' id='line_1_11' title="bbox 207 1392 1292 1494; baseline -0.004 -26"><span class='ocrx_word' id='word_1_77' title='bbox 207 1393 388 1490; x_wconf 74' lang='lat' dir='ltr'>trepudio</span> <span class='ocrx_word' id='word_1_78' title='bbox 405 1393 595 1466; x_wconf 86' lang='lat' dir='ltr'>dimiserat.</span> <span class='ocrx_word' id='word_1_79' title='bbox 609 1396 721 1488; x_wconf 85' lang='lat' dir='ltr'>Igitur</span> <span class='ocrx_word' id='word_1_80' title='bbox 735 1392 937 1466; x_wconf 80' lang='lat' dir='ltr'>Alexander</span> <span class='ocrx_word' id='word_1_81' title='bbox 952 1395 1102 1494; x_wconf 74' lang='lat' dir='ltr'>cup&#39;ens</span> <span class='ocrx_word' id='word_1_82' title='bbox 1116 1395 1292 1491; x_wconf 89' lang='lat' dir='ltr'>originem</span> 
     </span>
     <span class='ocr_line' id='line_1_12' title="bbox 236 1502 1293 1600; baseline -0.002 -24"><span class='ocrx_word' id='word_1_83' title='bbox 236 1502 432 1576; x_wconf 88' lang='lat' dir='ltr'>divinitatis</span> <span class='ocrx_word' id='word_1_84' title='bbox 454 1503 664 1600; x_wconf 90' lang='lat' dir='ltr'>adquirere,</span> <span class='ocrx_word' id='word_1_85' title='bbox 679 1504 786 1574; x_wconf 88' lang='lat' dir='ltr'>simul</span> <span class='ocrx_word' id='word_1_86' title='bbox 808 1520 845 1576; x_wconf 91' lang='lat' dir='ltr'>et</span> <span class='ocrx_word' id='word_1_87' title='bbox 865 1520 1016 1576; x_wconf 90' lang='lat' dir='ltr'>matrem</span> <span class='ocrx_word' id='word_1_88' title='bbox 1038 1502 1185 1576; x_wconf 81' lang='lat' dir='ltr'>infamia</span> <span class='ocrx_word' id='word_1_89' title='bbox 1204 1502 1293 1574; x_wconf 91' lang='lat' dir='ltr'>libe·</span> 
     </span>
     <span class='ocr_line' id='line_1_13' title="bbox 235 1611 1293 1713; baseline 0 -29"><span class='ocrx_word' id='word_1_90' title='bbox 235 1637 338 1702; x_wconf 87' lang='lat' dir='ltr'>rare,</span> <span class='ocrx_word' id='word_1_91' title='bbox 364 1638 429 1710; x_wconf 91' lang='lat' dir='ltr'>per</span> <span class='ocrx_word' id='word_1_92' title='bbox 458 1615 660 1712; x_wconf 84' lang='lat' dir='ltr'>praemissos</span> <span class='ocrx_word' id='word_1_93' title='bbox 689 1611 866 1686; x_wconf 83' lang='lat' dir='ltr'>subornat</span> <span class='ocrx_word' id='word_1_94' title='bbox 890 1618 1087 1702; x_wconf 85' lang='lat' dir='ltr'>antistites,</span> <span class='ocrx_word' id='word_1_95' title='bbox 1112 1615 1199 1713; x_wconf 92' lang='lat' dir='ltr'>quid</span> <span class='ocrx_word' id='word_1_96' title='bbox 1224 1613 1293 1686; x_wconf 91' lang='lat' dir='ltr'>sibi</span> 
     </span>
     <span class='ocr_line' id='line_1_14' title="bbox 209 1722 1311 1822; baseline 0.007 -30"><span class='ocrx_word' id='word_1_97' title='bbox 209 1723 450 1820; x_wconf 86' lang='lat' dir='ltr'>7responderi</span> <span class='ocrx_word' id='word_1_98' title='bbox 470 1724 563 1794; x_wconf 92' lang='lat' dir='ltr'>velit.</span> <span class='ocrx_word' id='word_1_99' title='bbox 580 1722 848 1822; x_wconf 89' lang='lat' dir='ltr'>Ingredientem</span> <span class='ocrx_word' id='word_1_100' title='bbox 868 1725 1043 1822; x_wconf 89' lang='lat' dir='ltr'>templum</span> <span class='ocrx_word' id='word_1_101' title='bbox 1063 1726 1182 1796; x_wconf 91' lang='lat' dir='ltr'>statim</span> <span class='ocrx_word' id='word_1_102' title='bbox 1203 1725 1311 1800; x_wconf 86' lang='lat' dir='ltr'>anti·.</span> 
     </span>
     <span class='ocr_line' id='line_1_15' title="bbox 210 1833 1295 1906; baseline 0 -2"><span class='ocrx_word' id='word_1_103' title='bbox 210 1835 339 1904; x_wconf 78' lang='lat' dir='ltr'>aetites</span> <span class='ocrx_word' id='word_1_104' title='bbox 365 1847 406 1902; x_wconf 91' lang='lat' dir='ltr'>ut</span> <span class='ocrx_word' id='word_1_105' title='bbox 434 1835 645 1906; x_wconf 85' lang='lat' dir='ltr'>Hammonis</span> <span class='ocrx_word' id='word_1_106' title='bbox 672 1833 788 1905; x_wconf 88' lang='lat' dir='ltr'>lilium</span> <span class='ocrx_word' id='word_1_107' title='bbox 816 1834 981 1906; x_wconf 83' lang='lat' dir='ltr'>salutant.</span> <span class='ocrx_word' id='word_1_108' title='bbox 1009 1835 1072 1906; x_wconf 90' lang='lat' dir='ltr'>Ille</span> <span class='ocrx_word' id='word_1_109' title='bbox 1099 1834 1200 1906; x_wconf 69' lang='lat' dir='ltr'>laetus</span> <span class='ocrx_word' id='word_1_110' title='bbox 1228 1834 1295 1904; x_wconf 90' lang='lat' dir='ltr'>Dei</span> 
     </span>
     <span class='ocr_line' id='line_1_16' title="bbox 211 1939 1296 2043; baseline 0.003 -33"><span class='ocrx_word' id='word_1_111' title='bbox 211 1939 435 2038; x_wconf 82' lang='lat' dir='ltr'>9adoptione</span> <span class='ocrx_word' id='word_1_112' title='bbox 456 1942 528 2014; x_wconf 92' lang='lat' dir='ltr'>hoc</span> <span class='ocrx_word' id='word_1_113' title='bbox 547 1969 584 2016; x_wconf 93' lang='lat' dir='ltr'>se</span> <span class='ocrx_word' id='word_1_114' title='bbox 605 1959 706 2043; x_wconf 92' lang='lat' dir='ltr'>patre</span> <span class='ocrx_word' id='word_1_115' title='bbox 726 1948 864 2016; x_wconf 90' lang='lat' dir='ltr'>censeri</span> <span class='ocrx_word' id='word_1_116' title='bbox 880 1946 992 2041; x_wconf 77' lang='lat' dir='ltr'>jubet.</span> <span class='ocrx_word' id='word_1_117' title='bbox 1013 1951 1127 2042; x_wconf 82' lang='lat' dir='ltr'>Rogat</span> <span class='ocrx_word' id='word_1_118' title='bbox 1146 1943 1296 2031; x_wconf 91' lang='lat' dir='ltr'>deinde,</span> 
     </span>
     <span class='ocr_line' id='line_1_17' title="bbox 240 2053 1298 2154; baseline 0.004 -32"><span class='ocrx_word' id='word_1_119' title='bbox 240 2080 258 2116; x_wconf 70' lang='lat' dir='ltr'>a</span> <span class='ocrx_word' id='word_1_120' title='bbox 272 2057 328 2122; x_wconf 84' lang='lat' dir='ltr'>An</span> <span class='ocrx_word' id='word_1_121' title='bbox 346 2077 474 2126; x_wconf 87' lang='lat' dir='ltr'>omnes</span> <span class='ocrx_word' id='word_1_122' title='bbox 488 2053 736 2127; x_wconf 87' lang='lat' dir='ltr'>interfectores</span> <span class='ocrx_word' id='word_1_123' title='bbox 752 2059 913 2154; x_wconf 90' lang='lat' dir='ltr'>parentis</span> <span class='ocrx_word' id='word_1_124' title='bbox 930 2060 985 2128; x_wconf 91' lang='lat' dir='ltr'>sui</span> <span class='ocrx_word' id='word_1_125' title='bbox 1003 2057 1049 2126; x_wconf 90' lang='lat' dir='ltr'>sit</span> <span class='ocrx_word' id='word_1_126' title='bbox 1065 2054 1184 2125; x_wconf 85' lang='lat' dir='ltr'>ultus?</span> <span class='ocrx_word' id='word_1_127' title='bbox 1194 2083 1212 2120; x_wconf 78' lang='lat' dir='ltr'>s</span> <span class='ocrx_word' id='word_1_128' title='bbox 1226 2078 1298 2126; x_wconf 88' lang='lat' dir='ltr'>res·</span> 
     </span>
     <span class='ocr_line' id='line_1_18' title="bbox 238 2161 1296 2265; baseline 0.004 -34"><span class='ocrx_word' id='word_1_129' title='bbox 238 2161 434 2258; x_wconf 87' lang='lat' dir='ltr'>pondctur‚</span> <span class='ocrx_word' id='word_1_130' title='bbox 448 2195 465 2230; x_wconf 77' lang='grc' dir='ltr'><strong>α</strong></span> <span class='ocrx_word' id='word_1_131' title='bbox 476 2169 615 2238; x_wconf 92' lang='lat' dir='ltr'>Patrem</span> <span class='ocrx_word' id='word_1_132' title='bbox 626 2167 701 2262; x_wconf 87' lang='lat' dir='ltr'>ejus</span> <span class='ocrx_word' id='word_1_133' title='bbox 716 2191 785 2238; x_wconf 91' lang='lat' dir='ltr'>nec</span> <span class='ocrx_word' id='word_1_134' title='bbox 798 2191 903 2265; x_wconf 92' lang='lat' dir='ltr'>posse</span> <span class='ocrx_word' id='word_1_135' title='bbox 917 2163 1091 2254; x_wconf 87' lang='lat' dir='ltr'>interfici,</span> <span class='ocrx_word' id='word_1_136' title='bbox 1104 2189 1172 2236; x_wconf 88' lang='lat' dir='ltr'>nec</span> <span class='ocrx_word' id='word_1_137' title='bbox 1183 2167 1296 2235; x_wconf 82' lang='lat' dir='ltr'>mori:</span> 
     </span>
     <span class='ocr_line' id='line_1_19' title="bbox 197 2273 1298 2374; baseline 0.003 -30"><span class='ocrx_word' id='word_1_138' title='bbox 197 2309 229 2344; x_wconf 78' lang='grc' dir='ltr'>ιο</span> <span class='ocrx_word' id='word_1_139' title='bbox 240 2275 333 2369; x_wconf 91' lang='lat' dir='ltr'>regis</span> <span class='ocrx_word' id='word_1_140' title='bbox 345 2273 501 2373; x_wconf 91' lang='lat' dir='ltr'>Philippi</span> <span class='ocrx_word' id='word_1_141' title='bbox 516 2289 697 2373; x_wconf 79' lang='lat' dir='ltr'>peractam</span> <span class='ocrx_word' id='word_1_142' title='bbox 710 2277 817 2374; x_wconf 91' lang='lat' dir='ltr'>plene</span> <span class='ocrx_word' id='word_1_143' title='bbox 830 2277 1008 2347; x_wconf 81' lang='lat' dir='ltr'>ultionem</span> <span class='ocrx_word' id='word_1_144' title='bbox 1018 2301 1104 2348; x_wconf 86' lang='lat' dir='ltr'>esse.</span> <span class='ocrx_word' id='word_1_145' title='bbox 1114 2306 1132 2341; x_wconf 77' lang='lat' dir='ltr'>s</span> <span class='ocrx_word' id='word_1_146' title='bbox 1145 2277 1298 2346; x_wconf 86' lang='lat' dir='ltr'>Tertiam</span> 
     </span>
     <span class='ocr_line' id='line_1_20' title="bbox 241 2384 1298 2484; baseline 0.003 -32"><span class='ocrx_word' id='word_1_147' title='bbox 241 2384 559 2482; x_wconf 87' lang='lat' dir='ltr'>interrogationem</span> <span class='ocrx_word' id='word_1_148' title='bbox 584 2389 767 2484; x_wconf 91' lang='lat' dir='ltr'>poscenti,</span> <span class='ocrx_word' id='word_1_149' title='bbox 788 2416 806 2451; x_wconf 76' lang='grc' dir='ltr'><em>α</em></span> <span class='ocrx_word' id='word_1_150' title='bbox 825 2388 1011 2457; x_wconf 88' lang='lat' dir='ltr'>victoriam</span> <span class='ocrx_word' id='word_1_151' title='bbox 1036 2388 1199 2457; x_wconf 90' lang='lat' dir='ltr'>omnium</span> <span class='ocrx_word' id='word_1_152' title='bbox 1223 2385 1298 2456; x_wconf 90' lang='lat' dir='ltr'>bel·</span> 
     </span>
     <span class='ocr_line' id='line_1_21' title="bbox 243 2493 1299 2594; baseline 0.003 -31"><span class='ocrx_word' id='word_1_153' title='bbox 243 2494 380 2582; x_wconf 89' lang='lat' dir='ltr'>lorum‚</span> <span class='ocrx_word' id='word_1_154' title='bbox 402 2498 739 2594; x_wconf 84' lang='lat' dir='ltr'>possessionemque</span> <span class='ocrx_word' id='word_1_155' title='bbox 761 2512 936 2567; x_wconf 87' lang='lat' dir='ltr'>terrarum</span> <span class='ocrx_word' id='word_1_156' title='bbox 949 2525 969 2562; x_wconf 77' lang='lat' dir='ltr'>s</span> <span class='ocrx_word' id='word_1_157' title='bbox 989 2494 1087 2582; x_wconf 87' lang='lat' dir='ltr'>dari,</span> <span class='ocrx_word' id='word_1_158' title='bbox 1102 2493 1299 2591; x_wconf 91' lang='lat' dir='ltr'>responde·</span> 
     </span>
     <span class='ocr_line' id='line_1_22' title="bbox 200 2601 1300 2704; baseline -0.002 -29"><span class='ocrx_word' id='word_1_159' title='bbox 200 2620 312 2676; x_wconf 85' lang='lat' dir='ltr'>ntur.</span> <span class='ocrx_word' id='word_1_160' title='bbox 329 2606 528 2678; x_wconf 87' lang='lat' dir='ltr'>Comitibus</span> <span class='ocrx_word' id='word_1_161' title='bbox 548 2631 695 2704; x_wconf 92' lang='lat' dir='ltr'>quoque</span> <span class='ocrx_word' id='word_1_162' title='bbox 713 2607 789 2702; x_wconf 88' lang='lat' dir='ltr'>ejus</span> <span class='ocrx_word' id='word_1_163' title='bbox 808 2627 1041 2703; x_wconf 88' lang='lat' dir='ltr'>responsum,</span> <span class='ocrx_word' id='word_1_164' title='bbox 1058 2633 1076 2667; x_wconf 77' lang='lat' dir='ltr'>s</span> <span class='ocrx_word' id='word_1_165' title='bbox 1090 2617 1131 2673; x_wconf 93' lang='lat' dir='ltr'>ut</span> <span class='ocrx_word' id='word_1_166' title='bbox 1150 2601 1300 2674; x_wconf 82' lang='lat' dir='ltr'>Alexan·</span> 
     </span>
    </p>
   </div>
   <div class='ocr_carea' id='block_1_3' title="bbox 178 2800 1311 4120">
    <p class='ocr_par' dir='ltr' id='par_1_3' title="bbox 178 2800 1311 4120">
     <span class='ocr_line' id='line_1_23' title="bbox 244 2800 1301 2875; baseline 0.003 -24"><span class='ocrx_word' id='word_1_167' title='bbox 244 2800 347 2864; x_wconf 89' lang='lat' dir='ltr'>XVII,</span> <span class='ocrx_word' id='word_1_168' title='bbox 361 2808 457 2874; x_wconf 55' lang='lat' dir='ltr'>,to-lp</span> <span class='ocrx_word' id='word_1_169' title='bbox 469 2804 542 2856; x_wconf 87' lang='lat' dir='ltr'>Curt.</span> <span class='ocrx_word' id='word_1_170' title='bbox 554 2803 605 2869; x_wconf 89' lang='lat' dir='ltr'>IV,</span> <span class='ocrx_word' id='word_1_171' title='bbox 618 2813 663 2870; x_wconf 69' lang='lat' dir='ltr'>a-t</span> <span class='ocrx_word' id='word_1_172' title='bbox 670 2824 678 2870; x_wconf 80' lang='lat'>3</span> <span class='ocrx_word' id='word_1_173' title='bbox 691 2806 753 2858; x_wconf 89' lang='lat' dir='ltr'>coll.</span> <span class='ocrx_word' id='word_1_174' title='bbox 794 2817 869 2856; x_wconf 85' lang='lat' dir='ltr'>ornat</span> <span class='ocrx_word' id='word_1_175' title='bbox 878 2805 1018 2869; x_wconf 82' lang='lat' dir='ltr'>antistites,</span> <span class='ocrx_word' id='word_1_176' title='bbox 1031 2801 1148 2875; x_wconf 85' lang='lat' dir='ltr'>suggerit</span> <span class='ocrx_word' id='word_1_177' title='bbox 1158 2801 1301 2855; x_wconf 82' lang='lat' dir='ltr'>sacerdoti·</span> 
     </span>
     <span class='ocr_line' id='line_1_24' title="bbox 244 2878 1301 2953; baseline 0.002 -23"><span class='ocrx_word' id='word_1_178' title='bbox 244 2879 314 2930; x_wconf 81' lang='lat' dir='ltr'>inira</span> <span class='ocrx_word' id='word_1_179' title='bbox 327 2878 443 2944; x_wconf 84' lang='lat' dir='ltr'>XVIII,</span> <span class='ocrx_word' id='word_1_180' title='bbox 454 2882 484 2946; x_wconf 87' lang='grc'>3,</span> <span class='ocrx_word' id='word_1_181' title='bbox 499 2884 539 2934; x_wconf 81' lang='grc' dir='ltr'>ι8.</span> <span class='ocrx_word' id='word_1_182' title='bbox 549 2913 581 2921; x_wconf 93' lang='lat'>——</span> <span class='ocrx_word' id='word_1_183' title='bbox 591 2885 622 2934; x_wconf 88' lang='grc' dir='ltr'>Α.</span> <span class='ocrx_word' id='word_1_184' title='bbox 632 2884 666 2936; x_wconf 93' lang='lat' dir='ltr'>U.</span> <span class='ocrx_word' id='word_1_185' title='bbox 680 2891 739 2948; x_wconf 58' lang='lat' dir='ltr'>aas.</span> <span class='ocrx_word' id='word_1_186' title='bbox 794 2882 843 2934; x_wconf 86' lang='lat' dir='ltr'>bus</span> <span class='ocrx_word' id='word_1_187' title='bbox 855 2881 955 2953; x_wconf 86' lang='lat' dir='ltr'>templi.</span> <span class='ocrx_word' id='word_1_188' title='bbox 970 2914 1004 2922; x_wconf 96' lang='lat'><em>-</em></span> <span class='ocrx_word' id='word_1_189' title='bbox 1021 2883 1090 2933; x_wconf 81' lang='lat' dir='ltr'>Velit.</span> <span class='ocrx_word' id='word_1_190' title='bbox 1108 2883 1202 2945; x_wconf 85' lang='lat' dir='ltr'>Recte,</span> <span class='ocrx_word' id='word_1_191' title='bbox 1218 2898 1301 2951; x_wconf 81' lang='lat' dir='ltr'>qutun</span> 
     </span>
     <span class='ocr_line' id='line_1_25' title="bbox 281 2955 1303 3031; baseline 0.013 -24"><span class='ocrx_word' id='word_1_192' title='bbox 281 2955 333 3004; x_wconf 91' lang='lat' dir='ltr'>Xl.</span> <span class='ocrx_word' id='word_1_193' title='bbox 350 2974 373 3008; x_wconf 88' lang='lat' dir='ltr'>r.</span> <span class='ocrx_word' id='word_1_194' title='bbox 392 2961 530 3029; x_wconf 74' lang='lat' dir='ltr'>AEgyptata.</span> <span class='ocrx_word' id='word_1_195' title='bbox 547 2960 624 3012; x_wconf 83' lang='lat' dir='ltr'>Conl.</span> <span class='ocrx_word' id='word_1_196' title='bbox 642 2959 753 3014; x_wconf 81' lang='lat' dir='ltr'>Diodor.</span> <span class='ocrx_word' id='word_1_197' title='bbox 794 2959 923 3029; x_wconf 66' lang='lat' dir='ltr'>precedat</span> <span class='ocrx_word' id='word_1_198' title='bbox 943 2979 1056 3031; x_wconf 70' lang='lat' dir='ltr'>presens</span> <span class='ocrx_word' id='word_1_199' title='bbox 1077 2958 1208 3019; x_wconf 57' lang='lat' dir='ltr'>salomis·</span> <span class='ocrx_word' id='word_1_200' title='bbox 1224 2971 1251 3010; x_wconf 69' lang='lat'>²⁸</span> <span class='ocrx_word' id='word_1_201' title='bbox 1269 2977 1303 3011; x_wconf 67' lang='lat' dir='ltr'>ex</span> 
     </span>
     <span class='ocr_line' id='line_1_26' title="bbox 246 3031 1301 3104; baseline 0.008 -23"><span class='ocrx_word' id='word_1_202' title='bbox 246 3031 349 3096; x_wconf 84' lang='lat' dir='ltr'>XVII,</span> <span class='ocrx_word' id='word_1_203' title='bbox 373 3038 472 3100; x_wconf 72' lang='lat'>49-51.</span> <span class='ocrx_word' id='word_1_204' title='bbox 494 3067 527 3076; x_wconf 89' lang='lat'><em>-</em></span> <span class='ocrx_word' id='word_1_205' title='bbox 553 3039 665 3090; x_wconf 79' lang='lat' dir='ltr'>Ciliciam.</span> <span class='ocrx_word' id='word_1_206' title='bbox 688 3041 755 3104; x_wconf 85' lang='lat' dir='ltr'>Quas</span> <span class='ocrx_word' id='word_1_207' title='bbox 795 3038 885 3090; x_wconf 83' lang='lat' dir='ltr'>Nostri</span> <span class='ocrx_word' id='word_1_208' title='bbox 899 3039 1108 3091; x_wconf 81' lang='lat' dir='ltr'>latinitaterecte</span> <span class='ocrx_word' id='word_1_209' title='bbox 1120 3056 1148 3089; x_wconf 90' lang='lat' dir='ltr'>se</span> <span class='ocrx_word' id='word_1_210' title='bbox 1161 3037 1301 3090; x_wconf 75' lang='lat' dir='ltr'>hebetius·</span> 
     </span>
     <span class='ocr_line' id='line_1_27' title="bbox 246 3109 1305 3188; baseline 0.008 -27"><span class='ocrx_word' id='word_1_211' title='bbox 246 3129 331 3184; x_wconf 88' lang='lat' dir='ltr'>quum</span> <span class='ocrx_word' id='word_1_212' title='bbox 346 3109 392 3164; x_wconf 89' lang='lat' dir='ltr'>diu</span> <span class='ocrx_word' id='word_1_213' title='bbox 407 3114 461 3183; x_wconf 84' lang='lat' dir='ltr'>jam</span> <span class='ocrx_word' id='word_1_214' title='bbox 477 3127 543 3168; x_wconf 82' lang='lat' dir='ltr'>esset</span> <span class='ocrx_word' id='word_1_215' title='bbox 561 3129 649 3187; x_wconf 86' lang='lat' dir='ltr'>capta,</span> <span class='ocrx_word' id='word_1_216' title='bbox 662 3119 755 3188; x_wconf 78' lang='lat' dir='ltr'>Syriam</span> <span class='ocrx_word' id='word_1_217' title='bbox 795 3117 862 3188; x_wconf 78' lang='lat' dir='ltr'>pert.</span> <span class='ocrx_word' id='word_1_218' title='bbox 872 3118 947 3168; x_wconf 77' lang='lat' dir='ltr'>vellet</span> <span class='ocrx_word' id='word_1_219' title='bbox 956 3116 1019 3171; x_wconf 79' lang='lat' dir='ltr'>adit.</span> <span class='ocrx_word' id='word_1_220' title='bbox 1034 3119 1157 3187; x_wconf 88' lang='lat' dir='ltr'>Bongars.</span> <span class='ocrx_word' id='word_1_221' title='bbox 1169 3114 1305 3169; x_wconf 70' lang='lat' dir='ltr'>Hacdere</span> 
     </span>
     <span class='ocr_line' id='line_1_28' title="bbox 246 3188 1305 3266; baseline 0.003 -24"><span class='ocrx_word' id='word_1_222' title='bbox 246 3188 514 3260; x_wconf 79' lang='lat' dir='ltr'>conjicitis-Vossius,</span> <span class='ocrx_word' id='word_1_223' title='bbox 523 3197 629 3266; x_wconf 77' lang='lat' dir='ltr'>Cyrenen</span> <span class='ocrx_word' id='word_1_224' title='bbox 635 3195 754 3250; x_wconf 83' lang='lat' dir='ltr'>Freinsh.</span> <span class='ocrx_word' id='word_1_225' title='bbox 780 3202 783 3210; x_wconf 89' lang='grc'><strong>“</strong></span> <span class='ocrx_word' id='word_1_226' title='bbox 795 3208 884 3248; x_wconf 84' lang='lat' dir='ltr'>autem</span> <span class='ocrx_word' id='word_1_227' title='bbox 891 3196 990 3261; x_wconf 83' lang='lat' dir='ltr'>oonlsr,</span> <span class='ocrx_word' id='word_1_228' title='bbox 1000 3196 1074 3250; x_wconf 78' lang='lat' dir='ltr'>verbi</span> <span class='ocrx_word' id='word_1_229' title='bbox 1082 3212 1187 3259; x_wconf 68' lang='lat' dir='ltr'>mussa,</span> <span class='ocrx_word' id='word_1_230' title='bbox 1196 3193 1305 3260; x_wconf 79' lang='lat' dir='ltr'>XXXI,</span> 
     </span>
     <span class='ocr_line' id='line_1_29' title="bbox 247 3267 1293 3339; baseline 0.007 -22"><span class='ocrx_word' id='word_1_231' title='bbox 247 3295 281 3308; x_wconf 91' lang='lat'>—</span> <span class='ocrx_word' id='word_1_232' title='bbox 293 3267 372 3320; x_wconf 81' lang='lat' dir='ltr'>Anno</span> <span class='ocrx_word' id='word_1_233' title='bbox 386 3269 465 3322; x_wconf 83' lang='lat' dir='ltr'>Urbis</span> <span class='ocrx_word' id='word_1_234' title='bbox 478 3273 537 3334; x_wconf 70' lang='lat'>423.</span> <span class='ocrx_word' id='word_1_235' title='bbox 800 3291 828 3338; x_wconf 90' lang='lat'>1,</span> <span class='ocrx_word' id='word_1_236' title='bbox 837 3293 865 3338; x_wconf 75' lang='lat'>²3</span> <span class='ocrx_word' id='word_1_237' title='bbox 877 3274 984 3338; x_wconf 86' lang='lat' dir='ltr'>XXXI,</span> <span class='ocrx_word' id='word_1_238' title='bbox 994 3295 1023 3339; x_wconf 78' lang='lat' dir='ltr'>a,</span> <span class='ocrx_word' id='word_1_239' title='bbox 1040 3291 1066 3338; x_wconf 69' lang='grc' dir='ltr'>ις</span> <span class='ocrx_word' id='word_1_240' title='bbox 1078 3272 1212 3337; x_wconf 80' lang='lat' dir='ltr'>XXXIV,</span> <span class='ocrx_word' id='word_1_241' title='bbox 1223 3273 1252 3338; x_wconf 81' lang='lat'>3,</span> <span class='ocrx_word' id='word_1_242' title='bbox 1268 3291 1293 3326; x_wconf 86' lang='lat' dir='ltr'>t.</span> 
     </span>
     <span class='ocr_line' id='line_1_30' title="bbox 284 3349 1305 3422; baseline 0.007 -24"><span class='ocrx_word' id='word_1_243' title='bbox 284 3363 309 3398; x_wconf 83' lang='lat' dir='ltr'>a.</span> <span class='ocrx_word' id='word_1_244' title='bbox 321 3351 483 3400; x_wconf 66' lang='lat' dir='ltr'>Hammonem.</span> <span class='ocrx_word' id='word_1_245' title='bbox 496 3349 606 3421; x_wconf 89' lang='lat' dir='ltr'>Respice</span> <span class='ocrx_word' id='word_1_246' title='bbox 614 3363 670 3403; x_wconf 87' lang='lat' dir='ltr'>not.</span> <span class='ocrx_word' id='word_1_247' title='bbox 681 3349 756 3416; x_wconf 82' lang='lat' dir='ltr'>tdI,</span> <span class='ocrx_word' id='word_1_248' title='bbox 832 3370 857 3418; x_wconf 89' lang='lat'>9.</span> <span class='ocrx_word' id='word_1_249' title='bbox 873 3353 948 3405; x_wconf 84' lang='lat' dir='ltr'>Ultus.</span> <span class='ocrx_word' id='word_1_250' title='bbox 967 3353 1076 3422; x_wconf 84' lang='lat' dir='ltr'>Respice</span> <span class='ocrx_word' id='word_1_251' title='bbox 1096 3370 1155 3422; x_wconf 85' lang='lat' dir='ltr'>cap.</span> <span class='ocrx_word' id='word_1_252' title='bbox 1174 3369 1206 3416; x_wconf 83' lang='lat' dir='ltr'>s,</span> <span class='ocrx_word' id='word_1_253' title='bbox 1227 3371 1251 3403; x_wconf 92' lang='grc' dir='ltr'>ι.</span> <span class='ocrx_word' id='word_1_254' title='bbox 1270 3379 1305 3390; x_wconf 89' lang='grc'><strong>-</strong></span> 
     </span>
     <span class='ocr_line' id='line_1_31' title="bbox 248 3423 1308 3500; baseline 0.005 -25"><span class='ocrx_word' id='word_1_255' title='bbox 248 3441 282 3494; x_wconf 83' lang='lat'>9,</span> <span class='ocrx_word' id='word_1_256' title='bbox 294 3423 326 3489; x_wconf 80' lang='lat'>3,</span> <span class='ocrx_word' id='word_1_257' title='bbox 338 3436 365 3476; x_wconf 86' lang='lat' dir='ltr'>et</span> <span class='ocrx_word' id='word_1_258' title='bbox 376 3423 443 3476; x_wconf 83' lang='lat' dir='ltr'>adde</span> <span class='ocrx_word' id='word_1_259' title='bbox 458 3425 536 3479; x_wconf 91' lang='lat' dir='ltr'>Diod.</span> <span class='ocrx_word' id='word_1_260' title='bbox 551 3428 650 3492; x_wconf 88' lang='lat' dir='ltr'>XVII,</span> <span class='ocrx_word' id='word_1_261' title='bbox 664 3430 755 3496; x_wconf 70' lang='grc' dir='ltr'><strong>49·5ι.</strong></span> <span class='ocrx_word' id='word_1_262' title='bbox 797 3429 966 3500; x_wconf 81' lang='lat' dir='ltr'>Respondetur.</span> <span class='ocrx_word' id='word_1_263' title='bbox 981 3428 1050 3481; x_wconf 87' lang='lat' dir='ltr'>Edd.</span> <span class='ocrx_word' id='word_1_264' title='bbox 1064 3430 1145 3498; x_wconf 84' lang='lat' dir='ltr'>antiq.</span> <span class='ocrx_word' id='word_1_265' title='bbox 1165 3427 1308 3500; x_wconf 61' lang='lat' dir='ltr'>”madeat</span> 
     </span>
     <span class='ocr_line' id='line_1_32' title="bbox 285 3501 1275 3578; baseline 0.003 -24"><span class='ocrx_word' id='word_1_266' title='bbox 285 3501 310 3554; x_wconf 79' lang='lat'>3.</span> <span class='ocrx_word' id='word_1_267' title='bbox 325 3505 435 3575; x_wconf 81' lang='lat' dir='ltr'>Namque</span> <span class='ocrx_word' id='word_1_268' title='bbox 452 3515 528 3554; x_wconf 82' lang='lat' dir='ltr'>mater</span> <span class='ocrx_word' id='word_1_269' title='bbox 542 3508 592 3574; x_wconf 79' lang='lat' dir='ltr'>ejm</span> <span class='ocrx_word' id='word_1_270' title='bbox 611 3517 660 3559; x_wconf 87' lang='lat' dir='ltr'>etc.</span> <span class='ocrx_word' id='word_1_271' title='bbox 678 3505 757 3559; x_wconf 83' lang='lat' dir='ltr'>cont.</span> <span class='ocrx_word' id='word_1_272' title='bbox 798 3508 965 3577; x_wconf 80' lang='lat' dir='ltr'>(antistites).</span> <span class='ocrx_word' id='word_1_273' title='bbox 977 3507 1012 3560; x_wconf 89' lang='lat' dir='ltr'>Et</span> <span class='ocrx_word' id='word_1_274' title='bbox 1024 3509 1061 3560; x_wconf 90' lang='lat' dir='ltr'>sic</span> <span class='ocrx_word' id='word_1_275' title='bbox 1074 3509 1098 3574; x_wconf 75' lang='lat' dir='ltr'>S.</span> <span class='ocrx_word' id='word_1_276' title='bbox 1114 3525 1146 3559; x_wconf 83' lang='grc' dir='ltr'>ιο</span> <span class='ocrx_word' id='word_1_277' title='bbox 1159 3525 1275 3578; x_wconf 88' lang='lat' dir='ltr'>quoque.</span> 
     </span>
     <span class='ocr_line' id='line_1_33' title="bbox 250 3577 1308 3655; baseline 0.005 -26"><span class='ocrx_word' id='word_1_278' title='bbox 250 3577 318 3631; x_wconf 77' lang='lat' dir='ltr'>intra</span> <span class='ocrx_word' id='word_1_279' title='bbox 332 3578 404 3643; x_wconf 86' lang='lat' dir='ltr'>XII,</span> <span class='ocrx_word' id='word_1_280' title='bbox 421 3583 466 3644; x_wconf 81' lang='lat'>16,</span> <span class='ocrx_word' id='word_1_281' title='bbox 482 3600 506 3633; x_wconf 79' lang='lat' dir='ltr'>a.</span> <span class='ocrx_word' id='word_1_282' title='bbox 835 3602 876 3638; x_wconf 87' lang='lat' dir='ltr'>so.</span> <span class='ocrx_word' id='word_1_283' title='bbox 887 3588 988 3636; x_wconf 78' lang='lat' dir='ltr'>Tertiam</span> <span class='ocrx_word' id='word_1_284' title='bbox 995 3587 1211 3655; x_wconf 72' lang='lat' dir='ltr'>interrogationem,</span> <span class='ocrx_word' id='word_1_285' title='bbox 1218 3583 1308 3637; x_wconf 81' lang='lat' dir='ltr'>Schel-</span> 
     </span>
     <span class='ocr_line' id='line_1_34' title="bbox 286 3657 1308 3733; baseline 0.006 -25"><span class='ocrx_word' id='word_1_286' title='bbox 286 3659 312 3708; x_wconf 89' lang='grc'>6.</span> <span class='ocrx_word' id='word_1_287' title='bbox 327 3661 447 3726; x_wconf 79' lang='lat' dir='ltr'>originem</span> <span class='ocrx_word' id='word_1_288' title='bbox 462 3659 598 3712; x_wconf 63' lang='lat' dir='ltr'>demina.</span> <span class='ocrx_word' id='word_1_289' title='bbox 613 3662 673 3713; x_wconf 85' lang='lat' dir='ltr'>Le.</span> <span class='ocrx_word' id='word_1_290' title='bbox 688 3657 757 3714; x_wconf 86' lang='lat' dir='ltr'>divi·</span> <span class='ocrx_word' id='word_1_291' title='bbox 799 3662 869 3714; x_wconf 80' lang='lat' dir='ltr'>ierus</span> <span class='ocrx_word' id='word_1_292' title='bbox 887 3664 952 3733; x_wconf 90' lang='lat' dir='ltr'>legit</span> <span class='ocrx_word' id='word_1_293' title='bbox 972 3667 1041 3714; x_wconf 79' lang='lat' dir='ltr'>tertia</span> <span class='ocrx_word' id='word_1_294' title='bbox 1069 3665 1253 3732; x_wconf 79' lang='lat' dir='ltr'>interrogatione</span> <span class='ocrx_word' id='word_1_295' title='bbox 1274 3679 1308 3714; x_wconf 83' lang='lat' dir='ltr'>ex</span> 
     </span>
     <span class='ocr_line' id='line_1_35' title="bbox 178 3732 1308 3812; baseline 0.009 -29"><span class='ocrx_word' id='word_1_296' title='bbox 178 3741 181 3752; x_wconf 91' lang='grc'><strong>’</strong></span> <span class='ocrx_word' id='word_1_297' title='bbox 250 3732 360 3785; x_wconf 84' lang='lat' dir='ltr'>nitatem</span> <span class='ocrx_word' id='word_1_298' title='bbox 369 3748 461 3789; x_wconf 85' lang='lat' dir='ltr'>ortam.</span> <span class='ocrx_word' id='word_1_299' title='bbox 471 3737 567 3790; x_wconf 86' lang='lat' dir='ltr'>Sensus</span> <span class='ocrx_word' id='word_1_300' title='bbox 578 3749 664 3790; x_wconf 88' lang='lat' dir='ltr'>autem</span> <span class='ocrx_word' id='word_1_301' title='bbox 676 3757 758 3808; x_wconf 87' lang='lat' dir='ltr'>quum</span> <span class='ocrx_word' id='word_1_302' title='bbox 798 3742 976 3812; x_wconf 83' lang='lat' dir='ltr'>manuscripto</span> <span class='ocrx_word' id='word_1_303' title='bbox 989 3739 1308 3812; x_wconf 79' lang='lat' dir='ltr'>quodam,bene.1o.-</span> 
     </span>
     <span class='ocr_line' id='line_1_36' title="bbox 252 3812 1309 3888; baseline 0.009 -27"><span class='ocrx_word' id='word_1_304' title='bbox 252 3812 367 3880; x_wconf 88' lang='lat' dir='ltr'>postulet</span> <span class='ocrx_word' id='word_1_305' title='bbox 380 3815 508 3885; x_wconf 86' lang='lat' dir='ltr'>originem</span> <span class='ocrx_word' id='word_1_306' title='bbox 521 3816 637 3868; x_wconf 84' lang='lat' dir='ltr'>divinam</span> <span class='ocrx_word' id='word_1_307' title='bbox 650 3817 759 3870; x_wconf 79' lang='lat' dir='ltr'>Alexan·</span> <span class='ocrx_word' id='word_1_308' title='bbox 800 3823 917 3870; x_wconf 81' lang='lat' dir='ltr'>Poscenti.</span> <span class='ocrx_word' id='word_1_309' title='bbox 934 3817 1049 3872; x_wconf 85' lang='lat' dir='ltr'>Videtur</span> <span class='ocrx_word' id='word_1_310' title='bbox 1067 3832 1159 3872; x_wconf 84' lang='lat' dir='ltr'>auctor</span> <span class='ocrx_word' id='word_1_311' title='bbox 1178 3816 1309 3888; x_wconf 86' lang='lat' dir='ltr'>scripsisse</span> 
     </span>
     <span class='ocr_line' id='line_1_37' title="bbox 253 3886 1309 3968; baseline 0.006 -28"><span class='ocrx_word' id='word_1_312' title='bbox 253 3886 311 3953; x_wconf 71' lang='lat' dir='ltr'>dri,</span> <span class='ocrx_word' id='word_1_313' title='bbox 326 3888 443 3946; x_wconf 82' lang='lat' dir='ltr'>Gronov.</span> <span class='ocrx_word' id='word_1_314' title='bbox 458 3912 521 3962; x_wconf 74' lang='lat' dir='ltr'>avus</span> <span class='ocrx_word' id='word_1_315' title='bbox 538 3895 645 3966; x_wconf 86' lang='lat' dir='ltr'>conjicit</span> <span class='ocrx_word' id='word_1_316' title='bbox 661 3899 760 3964; x_wconf 81' lang='lat' dir='ltr'>originis</span> <span class='ocrx_word' id='word_1_317' title='bbox 794 3901 909 3968; x_wconf 80' lang='lat' dir='ltr'>ponenti,</span> <span class='ocrx_word' id='word_1_318' title='bbox 927 3910 957 3950; x_wconf 92' lang='lat' dir='ltr'>ut</span> <span class='ocrx_word' id='word_1_319' title='bbox 975 3893 1060 3951; x_wconf 78' lang='lat' dir='ltr'>Cicer.</span> <span class='ocrx_word' id='word_1_320' title='bbox 1073 3899 1147 3951; x_wconf 85' lang='lat' dir='ltr'>Orat.</span> <span class='ocrx_word' id='word_1_321' title='bbox 1161 3896 1192 3960; x_wconf 92' lang='lat' dir='ltr'>I,</span> <span class='ocrx_word' id='word_1_322' title='bbox 1211 3914 1259 3959; x_wconf 82' lang='lat' dir='ltr'>ss,</span> <span class='ocrx_word' id='word_1_323' title='bbox 1274 3913 1309 3962; x_wconf 75' lang='lat'>93</span> 
     </span>
     <span class='ocr_line' id='line_1_38' title="bbox 254 3963 1311 4042; baseline 0.004 -24"><span class='ocrx_word' id='word_1_324' title='bbox 254 3963 406 4018; x_wconf 58' lang='lat' dir='ltr'>damiatem.</span> <span class='ocrx_word' id='word_1_325' title='bbox 419 3997 451 4008; x_wconf 86' lang='lat'>·-</span> <span class='ocrx_word' id='word_1_326' title='bbox 463 3977 511 4022; x_wconf 84' lang='lat' dir='ltr'>Per</span> <span class='ocrx_word' id='word_1_327' title='bbox 517 3974 652 4042; x_wconf 68' lang='lat' dir='ltr'>praemissos</span> <span class='ocrx_word' id='word_1_328' title='bbox 664 3986 713 4025; x_wconf 91' lang='lat' dir='ltr'>etc.</span> <span class='ocrx_word' id='word_1_329' title='bbox 728 3972 760 4025; x_wconf 92' lang='lat' dir='ltr'>Id</span> <span class='ocrx_word' id='word_1_330' title='bbox 800 3974 834 4027; x_wconf 89' lang='lat' dir='ltr'>ad</span> <span class='ocrx_word' id='word_1_331' title='bbox 854 3973 908 4029; x_wconf 83' lang='lat' dir='ltr'>div.</span> <span class='ocrx_word' id='word_1_332' title='bbox 927 3974 983 4040; x_wconf 88' lang='lat' dir='ltr'>IX,</span> <span class='ocrx_word' id='word_1_333' title='bbox 1003 3979 1053 4040; x_wconf 82' lang='lat'>26,</span> <span class='ocrx_word' id='word_1_334' title='bbox 1066 3983 1106 4040; x_wconf 59' lang='grc' dir='ltr'>’ἀς</span> <span class='ocrx_word' id='word_1_335' title='bbox 1125 3972 1228 4028; x_wconf 79' lang='lat' dir='ltr'>Phtsdr.</span> <span class='ocrx_word' id='word_1_336' title='bbox 1248 3971 1311 4035; x_wconf 92' lang='lat' dir='ltr'>Ill,</span> 
     </span>
     <span class='ocr_line' id='line_1_39' title="bbox 254 4043 1310 4120; baseline 0.007 -26"><span class='ocrx_word' id='word_1_337' title='bbox 254 4055 306 4108; x_wconf 91' lang='lat' dir='ltr'>est,</span> <span class='ocrx_word' id='word_1_338' title='bbox 324 4043 450 4114; x_wconf 88' lang='lat' dir='ltr'>quosdam</span> <span class='ocrx_word' id='word_1_339' title='bbox 463 4047 534 4102; x_wconf 77' lang='lat' dir='ltr'>viros</span> <span class='ocrx_word' id='word_1_340' title='bbox 545 4048 690 4120; x_wconf 75' lang='lat' dir='ltr'>praemissos</span> <span class='ocrx_word' id='word_1_341' title='bbox 702 4051 762 4105; x_wconf 89' lang='lat' dir='ltr'>sub-</span> <span class='ocrx_word' id='word_1_342' title='bbox 804 4057 850 4119; x_wconf 71' lang='lat'>14,</span> <span class='ocrx_word' id='word_1_343' title='bbox 865 4055 889 4105; x_wconf 87' lang='lat'>8.</span> <span class='ocrx_word' id='word_1_344' title='bbox 904 4053 1000 4107; x_wconf 76' lang='lat' dir='ltr'>Coum</span> <span class='ocrx_word' id='word_1_345' title='bbox 1014 4067 1101 4108; x_wconf 82' lang='lat' dir='ltr'>autem</span> <span class='ocrx_word' id='word_1_346' title='bbox 1115 4052 1264 4107; x_wconf 78' lang='lat' dir='ltr'>schetterus</span> <span class='ocrx_word' id='word_1_347' title='bbox 1274 4050 1310 4102; x_wconf 80' lang='lat' dir='ltr'>ita</span> 
     </span>
    </p>
   </div>
   <div class='ocr_carea' id='block_1_4' title="bbox 0 0 1519 4684">
    <p class='ocr_par' dir='ltr' id='par_1_4' title="bbox 0 0 1519 4684">
     <span class='ocr_line' id='line_1_40' title="bbox 0 0 1519 4684; baseline 0 0"><span class='ocrx_word' id='word_1_348' title='bbox 0 0 1519 4684; x_wconf 95' lang='lat' dir='ltr'> </span> 
     </span>
    </p>
   </div>
  </div>
 </body>
</html>
