2967 4684
355 344 740 469 nrsroumnuu
765 398 927 468 crana
951 399 1080 468 xnn.
1178 394 1242 466 511

181 529 274 592 tunc
298 520 474 619 temporis
499 534 706 617 gerentem,
730 517 908 618 profugit,
932 517 1097 592 obsidem
1122 521 1280 600 Caesari,

181 631 376 712 minimum
394 630 509 702 filium
527 629 716 702 Phrahatis
730 627 873 702 ferens:
888 655 997 728 quem
1011 627 1251 727 negligentius

182 742 404 813 custoditum
422 756 600 840 rapuerat
615 744 699 832 Quo
715 742 884 840 cognito,
900 740 1097 812 Phrahates
1113 739 1249 838 legatos
1262 757 1278 808 7

181 852 303 922 atatim
322 851 367 923 ad
385 859 560 926 Caesarem
577 854 707 942 mittit,
722 881 740 919 ι
754 877 900 925 servum
916 875 1022 924 suum
1037 849 1250 940 Tiridatem,

182 959 356 1035 etlilium
380 965 515 1036 remitti
539 962 640 1036 sihi»
661 962 829 1063 postulat
852 967 985 1052 Caesar,
1007 977 1043 1034 et
1069 961 1278 1060 legatione8

182 1071 371 1146 Phrahatis
385 1073 520 1164 audita,
532 1089 569 1147 et
585 1073 753 1146 Tiridatis
772 1073 961 1172 postulatis
977 1075 1130 1171 cognitis
1145 1073 1249 1170 (nam

182 1198 219 1255 et
235 1180 311 1284 ipse
325 1187 465 1257 restitui
478 1189 518 1255 in
533 1210 689 1283 regnum
703 1183 946 1273 desiderabat,
955 1186 1047 1282 juris
1065 1190 1248 1256 Romano-

182 1317 264 1366 rum
289 1295 448 1369 futuram
477 1297 661 1391 Parthiam
689 1293 907 1384 adfirmans,
933 1297 963 1366 si
990 1295 1067 1391 ejus
1094 1317 1250 1393 regnum

182 1411 344 1480 muneris
361 1432 489 1484 eorum
509 1405 674 1504 luisset),
693 1430 815 1504 neque
829 1406 1024 1478 Tiridatem
1043 1404 1250 1478 dediturum

183 1542 222 1590 se
251 1511 392 1591 Parthis
419 1519 531 1608 dixit,
565 1541 688 1616 neque
716 1516 888 1588 adversus
921 1517 1073 1589 Parthos
1102 1515 1250 1587 Tiridati

182 1629 312 1702 auxilia
327 1628 507 1702 daturum.
525 1633 581 1702 Ne
599 1643 720 1699 tamen
739 1650 806 1726 per
824 1628 947 1699 omnia
965 1626 1056 1700 nihil
1075 1653 1095 1699 a
1112 1630 1279 1698 Caesares

184 1739 376 1812 obtentum
393 1739 588 1828 rideretur,
601 1737 772 1810 Phrahati
785 1735 900 1808 filium
918 1739 997 1810 sine
1010 1741 1130 1838 pretio
1143 1739 1250 1810 remi-

183 1854 246 1942 sit;
263 1867 299 1925 et
315 1852 481 1941 Tiridati,
498 1847 619 1952 quoad
636 1873 785 1921 manere
805 1847 903 1947 apud
921 1852 1107 1920 Romanos
1125 1847 1251 1937 vellet,

183 1963 396 2062 opulentum
425 1977 582 2034 sumtum
612 1959 768 2060 praeberi
790 1960 905 2056 jussit
929 1963 1013 2032 Post
1040 1959 1117 2032 haec
1143 1958 1251 2032 finito
1266 1978 1299 2014 ¹⁰

183 2074 413 2173 Hispaniensi
429 2071 542 2161 bello,
555 2095 670 2170 quum
682 2071 722 2140 in
735 2071 875 2168 Syriam
889 2067 936 2140 ad
952 2071 1251 2169 componendum

182 2186 341 2256 Orientis
364 2198 497 2255 statum
523 2185 701 2269 venisset,
723 2196 862 2252 metum
886 2179 1059 2252 Phrahati
1080 2183 1252 2272 incussit,

184 2319 232 2366 ne
247 2292 385 2365 bellum
404 2292 556 2364 Parthia·
574 2292 682 2364 vellet
701 2289 848 2363 inferre.
866 2295 992 2388 Itaque
1012 2305 1087 2362 tota
1108 2289 1252 2364 Parthia
1266 2310 1296 2348 ¹1

184 2405 315 2504 captivi
330 2429 376 2474 ex
395 2407 606 2494 Crassiano,
620 2406 692 2474 sive
708 2403 862 2474 Antonii
877 2403 1036 2473 exercitu
1053 2399 1254 2489 recollecti,

186 2515 361 2614 signaque
386 2537 470 2586 cum
493 2512 551 2584 his
575 2513 740 2586 militaria
760 2517 923 2610 Augusto
944 2513 1100 2584 remissa.
1125 2511 1195 2583 Sed
1217 2527 1254 2584 et

183 2623 248 2697 filii
265 2640 490 2726 nepotesque
508 2625 696 2698 Phrahatis
711 2623 857 2698 obsides
869 2627 1031 2721 Augusto
1048 2623 1140 2694 dati:
1155 2622 1253 2722 plus·

184 2763 256 2837 que
268 2743 385 2810 Caesar
397 2738 648 2836 magnitudine
663 2738 824 2809 nominis
839 2737 894 2807 sui
907 2733 1009 2825 fecit,
1021 2759 1130 2835 quam
1144 2738 1252 2810 armis

184 2850 274 2923 alius
292 2851 489 2948 imperator
506 2847 626 2923 lacere
643 2836 829 2949 potuisset.

219 3077 246 3130 8.
259 3080 325 3128 Nara
338 3088 364 3127 et
373 3079 555 3148 ipaemtitraa'a'a
566 3095 695 3149 regam...
736 3075 920 3148 hyemaverat,
932 3087 1089 3146 progressus
1100 3074 1201 3139 Asiam,
1210 3073 1254 3128 Bi·

185 3158 289 3210 aautaeris
300 3173 381 3208 eomas
387 3155 485 3221 sua'sut.
499 3155 567 3208 Nam
582 3168 610 3208 et
625 3155 696 3209 Tiri·
737 3154 857 3226 thyniam
869 3165 897 3206 et
905 3153 1010 3226 Syriam
1019 3153 1117 3208 inrisit.
1127 3183 1159 3196 ·-
1170 3159 1253 3205 laeua·

184 3234 258 3287 dates
275 3234 398 3307 cupiebat
415 3234 444 3287 in
459 3251 574 3304 regnum
589 3233 623 3286 ab
641 3233 697 3286 An·
737 3235 778 3288 ste.
790 3233 899 3299 Gloaaa,
909 3243 940 3284 ut
950 3229 1069 3298 ridetur,
1079 3231 1167 3296 verbi,
1178 3229 1253 3302 qnod

185 3326 264 3386 gnato
271 3313 388 3379 restitui,
397 3314 440 3366 cui
450 3311 699 3379 aimuladfiamahat,
738 3309 869 3364 editiones
880 3330 896 3380 7
908 3310 991 3382 antiq.
1004 3309 1119 3373 hahent,
1131 3311 1251 3378 injunxit,

185 3393 318 3449 Parthiam
330 3393 446 3445 lutnnm
459 3407 516 3444 ease
523 3390 591 3464 juria
603 3393 698 3444 Roma·
738 3408 794 3461 qno
804 3408 884 3443 aenau
899 3392 1024 3472 r'rap'uagere
1036 3390 1161 3458 injuriam,
1179 3385 1254 3437 datri-

184 3491 296 3539 norum,
306 3469 335 3524 id
343 3482 394 3536 est,
403 3489 431 3524 ae
442 3489 476 3523 ex
487 3469 592 3542 legihna
603 3471 699 3522 Roma·
738 3479 855 3530 mentior,
879 3469 986 3518 mosaicos
1004 3465 1076 3538 apud
1096 3465 1253 3520 Ciceronem

183 3569 282 3605 nomm
299 3547 541 3603 adntiniatrattamm
560 3565 617 3601 ease
633 3548 699 3601 Par-
738 3559 766 3600 et
775 3546 891 3600 livium.

185 3628 315 3695 thiam,ai
326 3647 377 3700 per
390 3645 436 3681 eos
447 3629 477 3680 in
490 3643 605 3699 regnum
620 3625 699 3680 reati·
776 3643 817 3679 ιι.
832 3626 1022 3688 emimonto
1028 3624 1253 3676 Antoniieeem'tu·

184 3707 371 3764 tumrfuiaaet.
738 3700 1255 3775 Cap.l,4;eap.5,3.-Hagaitudiae

227 3805 270 3841 ιο.
294 3792 401 3854 Qum..
423 3787 538 3838 omittet
562 3784 698 3855 Angustus
737 3778 1084 3844 noma'aar'aaui.lloceatsataa
1094 3778 1251 3850 bellelai-ofli-

185 3883 268 3938 quum
281 3883 330 3938 per
342 3865 486 3918 triennium
502 3863 654 3933 (vd-728)
668 3863 697 3914 in
734 3879 811 3932 gare,
829 3872 859 3914 ut
875 3857 947 3931 apud
959 3858 1081 3912 Tacitum
1097 3857 1188 3911 Germ.
1208 3858 1248 3911 13.

185 3943 312 4016 Hispania
329 3943 420 3997 fnisset
436 3953 566 4007 moratum
583 3958 627 3993 an.
645 3958 697 4011 7²9
737 3947 849 4005 Basante,
862 3941 965 3992 Orairon
971 3936 1077 4004 suadit-e
1087 3936 1120 3989 du
1125 3940 1210 4009 prr'race
1220 3937 1252 3989 da

185 4020 249 4075 inde
262 4023 372 4075 Romam
381 4019 472 4074 rediit.
483 4018 588 4073 Deinde
602 4018 698 4074 stettin
740 4019 841 4073 Goadl:
853 4045 865 4067 ι
874 4023 922 4070 Son
933 4016 1014 4069 aradae
1024 4023 1106 4088 arltpu
1114 4035 1198 4069 encore
1205 4037 1251 4088 go·

187 4099 334 4153 oemio
348 4099 427 4153 rehna
444 4117 493 4172 per
510 4097 655 4168 annospdt
671 4109 699 4150 et
737 4117 801 4169 graet-
820 4097 863 4150 dea
887 4096 1026 4148 boatum
1048 4109 1093 4148 an.
1115 4123 1149 4140 --
1172 4097 1251 4148 Anne

187 4176 239 4248 732
251 4177 415 4246 constitutit,
424 4195 468 4233 an.
482 4178 534 4251 733
543 4177 639 4246 sano,
652 4176 700 4231 ahi
739 4176 821 4233 Urbis
833 4175 947 4232 condit·
960 4171 1021 4247 733.
