2967 4684
285 398 303 440 α
395 343 399 362 ‘
629 363 998 437 raonscounns

326 490 500 568 Veterum,
517 485 558 550 de
575 487 677 576 Trogi
693 485 758 551 fide
773 484 948 570 historica,
963 489 1149 554 testimonia
1160 489 1242 579 legis
1256 489 1341 555 infra

280 617 331 657 nr.
343 592 363 656 6
375 605 408 656 et
421 614 470 654 12.
484 590 565 671 Qum
576 589 680 678 qualis
692 589 734 653 sit
743 636 753 671 ,
762 610 803 653 ex
814 590 1030 678 epitomatore
1039 613 1173 680 quoque
1188 594 1342 682 cognosci

280 711 403 785 potest,
419 693 541 782 quippe
558 693 615 780 qui
627 691 824 782 pedisequus
838 690 956 757 ducem
968 715 1066 758 suurn
1080 694 1123 758 sit
1134 710 1301 782 sequutus.

324 798 397 886 Ipse
416 794 568 884 quidem,
582 818 685 884 quum
706 817 725 859 e
742 794 933 860 Groecorum
949 794 1096 862 fontibus
1109 818 1168 860 sua
1180 796 1341 879 hauserit,

280 923 347 963 non
365 899 465 988 magis
477 895 575 962 fidem
588 897 786 979 merebitur,
800 919 898 985 quern
909 897 969 963 illi.
983 896 1088 964 Graeci
1100 914 1227 980 autem,
1241 920 1341 986 quam

280 1004 363 1068 certi
377 1003 459 1085 sint,
474 1001 541 1066 sive
557 1002 685 1090 potius,
702 1023 801 1088 quam
816 1001 934 1065 incerti
957 1002 1106 1066 omnium
1121 1000 1265 1066 Orientis
1279 1023 1341 1091 po·

279 1105 453 1194 pulcrum,
478 1101 621 1192 indeque
649 1104 747 1168 simul
772 1101 1023 1193 AEgyptiorum,
1046 1103 1264 1191 Scytharum,
1288 1103 1342 1170 vel

280 1231 366 1272 unus
379 1207 464 1272 liber
475 1206 633 1290 xxxvl,
647 1230 717 1297 cap.
734 1205 808 1289 2-3‚
822 1222 857 1272 te
872 1204 987 1288 docet,
1002 1206 1037 1270 in
1053 1228 1120 1294 quo
1135 1229 1240 1295 pauca
1254 1206 1343 1272 refe·

238 1295 243 1308 ⁴
279 1325 399 1372 runtur
410 1308 450 1374 de
463 1307 599 1390 Judaeis3
612 1305 653 1374 de
669 1308 806 1397 quibus,
819 1323 892 1374 tum
901 1309 968 1390 jam
981 1331 1042 1398 per
1050 1325 1213 1374 terrarum
1225 1309 1342 1375 orbem

280 1410 450 1502 dispersis,
471 1434 574 1500 quum
598 1412 738 1476 certiora
760 1409 886 1475 facilius
908 1411 1062 1500 cognosci
1076 1426 1225 1500 possent,
1242 1433 1341 1498 quam

280 1535 352 1600 quas
365 1513 423 1578 hic
438 1535 518 1602 vaga
534 1527 567 1578 et
582 1512 659 1576 falsa
674 1513 830 1602 legtmtur
847 1535 855 1578 ε
871 1512 947 1578 inde
966 1514 1129 1596 conjicere
1144 1515 1341 1603 poterimus,

279 1635 347 1678 non
370 1617 510 1680 certiora
532 1612 747 1705 exspectanda
765 1636 833 1680 esse
857 1613 899 1680 de
915 1616 1039 1680 caeteris
1053 1617 1196 1681 Orientis
1211 1616 1342 1707 populis

279 1718 534 1805 antiquissimis,
562 1739 706 1806 quorum
731 1719 826 1807 origo
850 1732 884 1782 et
906 1718 1042 1782 historia
1062 1717 1162 1807 longe
1186 1719 1343 1783 crassiore

280 1819 436 1908 caligine,
451 1821 503 1884 vel
516 1821 664 1910 ipsorum
679 1818 903 1884 sacerdotibus
916 1834 998 1884 esset
1010 1819 1168 1884 involuta.
1183 1818 1341 1886 Sacerdo-

279 1937 350 1984 tum
364 1922 452 1986 enim
464 1922 552 2012 apud
564 1944 677 1988 omnes
689 1923 768 1986 istos
780 1921 921 2010 populos
934 1943 1037 2008 quum
1050 1945 1138 1987 unus
1148 1939 1232 1988 esset
1243 1921 1342 2006 ordo,

279 2043 378 2110 penes
403 2045 502 2110 quem
524 2039 630 2087 essent
643 2023 771 2106 literas,
793 2023 835 2088 ab
859 2023 911 2088 his
934 2023 1012 2089 solis
1033 2022 1168 2090 edoceri
1190 2016 1342 2115 poterant

278 2123 395 2213 populi
418 2124 588 2189 historiam
614 2124 804 2190 Graecorum
828 2126 1099 2216 peregrinaturos.
1124 2129 1182 2193 Isti
1210 2143 1342 2212 autem,

280 2249 378 2314 quam
391 2227 494 2292 multa
505 2229 695 2317 ignorarent
705 2228 784 2317 ipsi,
794 2250 926 2294 necesse
939 2230 1023 2294 erat!
1037 2252 1137 2317 quam
1150 2229 1254 2296 multa
1263 2254 1342 2321 pro·
1456 2286 1457 2289 ,

280 2330 432 2396 fanorum
447 2332 583 2397 auribus
598 2331 804 2398 committere
818 2331 1059 2399 abhorrebant!

324 2435 363 2497 ln
381 2434 570 2500 Graecorum
586 2435 733 2523 ipsorum
748 2433 904 2518 historia,
914 2435 950 2500 in
961 2457 1027 2523 qua
1041 2436 1141 2524 longe
1155 2437 1259 2518 major
1270 2457 1342 2525 pars

280 2537 388 2623 operis
403 2553 565 2616 versatur,
585 2559 650 2622 qua
666 2535 729 2602 fide
745 2537 852 2601 Graeci
867 2536 959 2624 digni
977 2539 1059 2618 sint,
1074 2561 1093 2600 a
1108 2537 1259 2624 pluribus
1275 2539 1342 2618 jam
1456 2558 1457 2561 ’

281 2651 328 2700 est
344 2637 538 2723 expositum.
556 2637 595 2699 ln
611 2635 833 2722 antiquissima
852 2636 942 2700 enim
957 2635 1078 2699 horum
1094 2637 1248 2720 historia,
1269 2661 1343 2724 qum

280 2733 403 2798 dicitur
417 2737 649 2824 mythologice,
661 2737 759 2824 longe
771 2735 890 2800 clarius
902 2758 962 2800 nos
971 2738 1226 2820 jamcernimus,
1244 2762 1343 2825 quam

280 2837 342 2925 ipsi
354 2837 403 2900 illi
414 2836 465 2904 his
481 2838 570 2903 mille
586 2841 678 2904 annis
694 2854 770 2904 ante
784 2838 972 2903 cernebant.
985 2837 1085 2922 Quod
1098 2838 1233 2927 quidem
1245 2841 1342 2908 letius

281 2959 462 3026 exponere,
479 2957 512 3005 et
527 2941 684 3031 exemplis
698 2939 877 3024 illustrare,
893 2963 961 3006 non
978 2957 1026 3006 est
1040 2943 1138 3023 hujus
1153 2944 1229 3008 loci.

326 3039 548 3108 Posteriorum
564 3060 674 3110 autem
690 3060 878 3133 temporum
898 3066 997 3132 quam
1011 3067 1091 3135 vaga
1105 3047 1147 3111 sit
1168 3061 1202 3111 et
1218 3045 1342 3112 incerta

281 3143 463 3210 eorundem
479 3145 633 3228 historia,
651 3147 704 3212 vel
723 3147 789 3212 hoc
805 3169 909 3213 unum
931 3170 990 3212 nos
1012 3147 1127 3231 docet,
1149 3146 1239 3236 quod
1254 3149 1342 3236 ipso·

281 3269 356 3312 rum
367 3247 531 3330 historici,
543 3248 584 3314 ad
597 3248 820 3340 Pherecydem
831 3273 935 3339 usque
949 3266 982 3314 et
994 3251 1152 3316 Cadmum
1161 3249 1342 3332 Milesium,

280 3352 317 3417 Α.
336 3351 376 3416 U.
395 3374 459 3418 aoo
477 3352 579 3442 (Plin.
596 3353 677 3436 VII,
696 3350 773 3440 57),
793 3353 942 3418 versibu’s
954 3353 1158 3442 scripserint,
1177 3372 1256 3439 ergo
1271 3351 1343 3439 epi·
1456 3370 1457 3443 J

281 3477 397 3519 corum
410 3457 511 3522 instar
523 3471 710 3545 poetarum,
723 3478 775 3520 res
786 3471 890 3544 gestas
903 3455 1078 3520 maluerint
1093 3473 1227 3534 ornare,
1237 3473 1341 3539 ⁴quam

280 3557 412 3644 referre.

305 3677 306 3682 ’
325 3660 398 3726 Huc
410 3659 537 3728 accedit
547 3656 612 3726 boc
625 3663 660 3724 in
672 3661 812 3742 Nostro,
826 3659 917 3748 quod
926 3659 1179 3747 Theopompum
1190 3657 1255 3722 sibi
1266 3677 1341 3746 pro-

281 3764 426 3851 posuerit
442 3763 654 3846 imitandum,
670 3787 770 3850 quem
784 3759 1126 3830 maledicentissimum
1141 3758 1252 3824 dicere
1272 3779 1341 3822 non

282 3863 411 3929 dubitat
425 3869 596 3934 Cornelius
611 3869 645 3932 in
661 3865 766 3932 Alcib.
783 3867 833 3948 11,
853 3889 881 3928 1.
896 3865 981 3930 Hinc
996 3885 1064 3926 non
1077 3863 1246 3943 miremur,
1259 3860 1340 3926 huic

282 3966 429 4056 inprimis
445 3969 616 4053 accidisse,
632 3967 723 4057 quod
742 3968 840 4057 longe
860 3967 1008 4056 plurimis
1030 3965 1220 4030 Graecorum
1235 3963 1339 4029 bisto-

1456 4002 1458 4045 i

282 4070 356 4132 risis
371 4068 502 4152 accidit,
520 4071 609 4157 quod
624 4071 727 4136 nimio
742 4072 847 4159 gentis
863 4094 929 4134 sure
948 4093 1061 4136 amore
1075 4069 1223 4158 abrepti,
1235 4065 1340 4154 inpri·
1456 4070 1457 4131 i
