2967 4684
245 353 316 440 428
366 329 371 339 '
671 357 881 428 Jusrnu

244 471 371 545 nando
396 475 477 545 vitae
507 479 727 574 pepercerit,
751 477 816 549 sed
840 477 930 550 dum
958 501 1043 551 suos
1073 481 1113 550 in
1143 477 1305 578 prelium

243 599 407 673 revocat,
421 586 459 656 in
478 588 631 658 transitu
651 585 755 660 fossae
777 613 874 686 equo
895 593 1155 689 praecipitaurs‚
1173 615 1195 660 a
1213 591 1307 661 mul·

213 695 398 768 fitimdine
416 695 575 769 hostium
594 722 789 798 oppressus
806 714 869 774 est.
883 702 1000 790 Quem
1013 700 1194 796 jacentem
1213 705 1305 771 Mes·

243 809 354 896 senii,
376 833 439 879 seu
465 824 564 881 metu
584 811 746 897 virtutis,
769 835 833 880 seu
855 808 1076 882 verecundia
1102 808 1304 908 dignitatis,

213 915 447 990 7interficere
460 921 537 990 ausi
549 945 627 992 non
641 918 801 992 fuerunt.
813 925 940 1018 Itaque
954 921 1105 992 velutin
1117 919 1181 991 illo
1194 943 1305 992 omne

241 1026 376 1098 bellum
394 1027 659 1118 confecissent,
678 1032 860 1130 captivum
879 1055 945 1130 per
961 1033 1168 1102 universam
1184 1033 1305 1102 civita-

238 1151 336 1226 tem,
362 1139 402 1210 in
430 1139 581 1210 modum
614 1140 790 1240 triumphi
821 1141 1161 1228 circumduxerunt,
1187 1137 1305 1212 effuso

239 1246 381 1320 obviarn
404 1249 557 1350 populo,
575 1275 616 1322 ac
639 1253 668 1322 si
689 1275 796 1340 suus,
812 1275 889 1322 uon
911 1249 1090 1333 hostium,
1108 1252 1305 1348 imperator

128 1441 132 1463 Ι
210 1356 458 1431 ⁸adventnret
485 1363 561 1433 Nec
591 1362 768 1432 victorem
797 1360 920 1434 Achaei
946 1359 1084 1434 avidius
1108 1359 1303 1447 vidissent,

239 1461 350 1567 quam
366 1472 504 1543 victum
521 1469 644 1542 hostes
660 1471 840 1542 viderunt
851 1474 965 1570 Igitur
978 1468 1136 1542 eundem
1148 1473 1189 1540 in
1203 1467 1303 1540 thea-

237 1592 335 1650 trum
355 1579 439 1651 duci
454 1581 662 1674 jusserunt,
681 1595 723 1652 ut
741 1605 869 1652 omnes
893 1594 1175 1667 contuerentur,
1193 1603 1303 1676 quem

208 1694 397 1786 spotuisse
421 1693 500 1789 capi
524 1690 738 1763 incredibile
762 1691 913 1790 singulis
932 1690 1132 1764 videbatur.
1151 1687 1242 1762 lude
1261 1691 1302 1760 in

238 1823 420 1870 carcerem
432 1800 561 1889 ducto,
574 1801 794 1874 verecundia
808 1801 1070 1899 magnitudinis
1084 1801 1177 1897 ejus,
1193 1823 1303 1871 vene·

238 1931 327 1977 num
340 1907 537 1982 dederunt:
551 1909 651 2008 quod
665 1911 724 1983 ille
735 1910 858 2000 luctus,
869 1935 912 1983 ac
927 1913 957 1983 si
972 1913 1132 1998 vicisset,
1144 1912 1301 2010 accepit;

238 2021 388 2115 quaesito
406 2022 524 2118 prius,
540 2052 558 2087 s
571 2045 619 2092 an
638 2027 812 2118 Lycortas
830 2021 1022 2119 praelectus
1039 2020 1272 2109 Achaeorum,
1284 2050 1303 2086 ι

238 2153 346 2225 quem
367 2131 569 2204 secundum
588 2158 608 2204 a
626 2156 663 2204 se
687 2157 764 2203 esse
783 2131 933 2203 scientia
955 2135 1009 2204 rei
1030 2132 1195 2204 militaris
1214 2134 1303 2204 scie-

236 2238 319 2330 bat,
344 2241 574 2314 «incolumis
597 2240 834 2340 effugissetln
852 2245 970 2332 Quem
994 2256 1036 2312 ut
1058 2243 1199 2341 accepit
1222 2266 1302 2313 eva·

235 2355 339 2440 sisse,
351 2383 368 2420 u
381 2379 457 2424 non
471 2355 510 2423 in
526 2367 643 2426 totum
660 2352 787 2425 dicens
800 2351 1008 2423 consultum
1020 2349 1113 2422 male
1123 2351 1301 2440 Achaeis„

193 2485 224 2522 ιο
234 2458 433 2561 exspiravit.
452 2467 528 2535 Nec
550 2463 666 2536 multo
687 2477 792 2562 post,
811 2476 977 2561 reparato
999 2461 1115 2550 bello,
1132 2465 1301 2536 Messenii

234 2573 444 2662 vincuntur,
455 2598 658 2673 poenasque
672 2571 855 2646 interlecti
868 2572 1151 2672 Philopoemenis
1163 2595 1300 2673 pepen-

235 2680 382 2755 derunt.

234 2883 356 2947 missurn,
365 2900 470 2937 veneno
482 2884 627 2950 sublatum,
641 2885 673 2938 ub
683 2884 746 2937 uui·
788 2904 820 2950 s,
835 2901 886 2952 ²93
902 2895 929 2937 et
941 2884 1063 2939 Curtium
1077 2884 1116 2952 V,
1133 2886 1182 2950 13,
1196 2893 1298 2949 ¹411).

233 2979 311 3014 verso
328 2962 444 3016 Acheloo
465 2963 579 3017 concilio
598 2964 745 3037 sepultum,
820 2980 848 3031 9.
861 2967 951 3016 Docto.
966 2963 1122 3018 Adeuntiue
1135 2962 1226 3029 uod..
1239 2963 1298 3017 Per.

233 3037 339 3091 divinoe
363 3037 450 3093 eidem
480 3041 596 3096 honores
625 3042 747 3097 demetos
786 3053 814 3094 et
830 3041 888 3094 (hl.
902 3041 1014 3095 deducto
1027 3042 1110 3108 Quod
1126 3042 1197 3096 idem
1211 3044 1299 3097 ὕην.

234 3135 303 3172 suno
317 3117 398 3171 Urbis
412 3119 473 3188 569.
787 3121 911 3193 conjecit.
925 3153 960 3161 —
972 3127 1060 3174 Non...
1072 3123 1175 3174 Aelsaeis.
1191 3122 1300 3175 Breviue

269 3201 294 3251 6.
322 3197 471 3250 Verecunda
490 3198 627 3268 dignitatis.
646 3199 747 3254 confer
787 3199 846 3253 Lir.
864 3200 1002 3265 XXXIX,
1018 3201 1195 3267 50‚8:rm
1212 3200 1298 3264 tabu,

234 3275 313 3341 XIV,
326 3277 359 3342 6,
377 3293 417 3330 10.
787 3277 1023 3350 inquinamento
1039 3279 1155 3350 impavide
1166 3279 1297 3342 ιώωιο,

268 3375 294 3427 7.
305 3356 384 3408 Velut.
393 3353 479 3418 Edd.‚
489 3357 580 3421 lium,
590 3353 649 3408 Ald.
657 3355 746 3420 ‚Junt
787 3355 855 3407 laud
864 3360 900 3408 ita
910 3357 983 3408 multo
989 3361 1190 3429 posteespciuoit.
1202 3357 1302 3411 Confer

233 3447 261 3488 et
273 3446 387 3506 quatuor
406 3433 485 3488 codd.
506 3434 668 3504 praemittunt
687 3435 746 3488 [αεὶ.
788 3433 867 3487 Diod.
879 3435 1094 3506 XXIX,lrsgm.
1108 3453 1150 3506 ¹7·

233 3543 267 3558 -ι
281 3519 310 3564 In
325 3513 374 3565 illo.
392 3513 490 3567 Confer
509 3513 673 3580 x11,9‚t;
690 3513 747 3567 Cic.
823 3530 866 3565 ιο.
878 3517 1020 3566 Vincuntur.
1028 3513 1230 3568 Scilicetebillo
1240 3512 1299 3584 ipso

233 3608 284 3660 pro
307 3592 418 3646 Μυκη.
443 3596 492 3655 16,
514 3592 546 3655 5;
570 3589 654 3644 Tacit.
674 3594 746 3644 Anu.
787 3591 1126 3664 Lycoris,Philopsemenie
1134 3609 1299 3654 successore,

234 3667 286 3733 lv,
301 3673 349 3735 25,
364 3672 394 3735 53
408 3671 482 3724 Curt.
493 3669 529 3734 V,
541 3669 590 3735 13,
604 3677 628 3734 4.
639 3699 672 3710 -·
683 3671 748 3736 Quo
787 3669 891 3742 Polybii
902 3671 1027 3724 Historici
1036 3684 1120 3743 petre.
1133 3670 1204 3724 Hinc
1216 3683 1244 3722 et
1253 3670 1300 3721 Li·

234 3743 328 3798 eodem
340 3759 495 3819 argumento
507 3747 639 3800 Plutarch.
649 3747 678 3800 in
689 3749 710 3800 F
711 3747 748 3800 la-
787 3747 904 3801 viusloc.
914 3748 958 3801 cit.
967 3751 993 3816 S.
1003 3751 1051 3818 8·9
1061 3767 1068 3801 ε
1079 3754 1138 3802 Nou
1146 3749 1298 3809 diaeum,

235 3825 299 3875 mim
312 3827 361 3888 38,
380 3828 604 3900 quulitercumque
615 3829 748 3880 Romanos
787 3825 887 3896 inquit,
900 3830 982 3878 murus
1000 3831 1051 3897 ejus
1066 3827 1184 3897 gaudium
1195 3828 1301 3878 mmd-

235 3901 426 3968 Hannibalem,
443 3906 563 3976 quumvis
582 3903 747 3976 decrepitum
787 3903 832 3955 bus
851 3904 998 3957 mittatis
1017 3905 1077 3970 suit.
1105 3908 1177 3956 Victa
1198 3922 1301 3976 mque

235 3989 262 4032 ct
274 3979 405 4045 crudem,
416 3981 450 4034 sd
463 3996 577 4036 mortem
589 4001 673 4054 usque
684 4001 747 4054 per·
787 3989 895 4035 Messene
912 3983 989 4047 bello,
1008 3983 1188 4056 exposcentibus
1204 3983 1301 4036 Acteis

235 4068 374 4128 sequentes
393 4073 505 4113 excusat.
529 4062 577 4114 llis
597 4062 748 4114 sucton'bus
788 4065 875 4114 melus
885 4062 993 4126 dedidit,
1006 4083 1107 4136 ossaque
1124 4062 1220 4116 addua
1238 4061 1300 4113 rte·-

235 4134 303 4188 adde
311 4134 416 4190 Livium
423 4137 538 4208 XLV‚7,
550 4157 573 4204 ι,
583 4140 690 4194 Florum
696 4140 749 4207 IV,
789 4141 924 4214 lupoeneues
935 4153 1003 4194 sunt.
1072 4207 1077 4216 Ι
