2967 4684
283 321 299 350 l

373 361 751 473 HISTORIARUM
775 363 934 432 LIBER
958 367 1087 436 XXII.
1192 367 1262 464 347

215 539 221 550 ,
256 487 300 553 11.
317 483 618 580 AMurgantinis,
631 480 727 580 apud
742 506 834 580 quos
847 484 1052 578 exsulabat,
1065 486 1150 559 odio
1163 492 1288 586 Syra-1

207 617 445 682 cusanorum,
469 595 587 691 primo
613 606 762 692 praetor,
781 617 868 664 mox
888 594 963 666 dux
984 612 1136 668 creattu.
1154 603 1198 669 ln
1218 625 1290 671 eos

207 703 303 774 bello
320 719 356 775 et
374 702 503 776 urbem
523 705 784 776 Leontinorum
806 707 920 803 capit,
938 721 974 778 et
994 710 1146 805 patriam
1163 735 1264 782 suam

208 819 397 910 Syracusas
409 813 574 887 obsidere
585 817 711 914 coepit:
722 813 767 886 ad
781 817 884 912 cujus
894 818 1064 888 auxilium
1075 820 1264 912 Hamilcar,
1277 843 1293 896 a

208 925 282 998 dux
297 930 510 1012 Poenorum,
523 925 750 1025 imploratus,
764 924 934 1024 depositis
950 927 1142 1002 hostilibus
1158 929 1265 1020 odiis,
1300 1006 1303 1012 ,

207 1037 370 1134 praesidia
393 1037 547 1109 militum
567 1037 687 1109 nuttit.
710 1043 765 1108 Ita
786 1061 863 1109 uno
881 1038 1083 1138 eodemque
1102 1057 1296 1142 temporat

207 1153 388 1244 Syracusa
402 1163 438 1218 et
450 1147 496 1219 ab
510 1146 634 1236 hoste,
649 1149 742 1219 civili
760 1173 882 1220 amore
897 1148 1072 1240 defensae,
1085 1167 1122 1224 et
1136 1177 1156 1224 a
1172 1154 1267 1242 cive,

208 1255 329 1330 hostili
350 1257 435 1330 odio
454 1257 670 1358 impugnatae
693 1274 789 1332 sunt.
811 1259 880 1330 Sed
902 1260 1133 1358 Agathocles,
1152 1281 1293 1361 quumt

207 1369 345 1441 videret
356 1368 487 1442 fortius
499 1367 645 1442 defendi
662 1369 808 1460 urbem,
823 1397 932 1470 quam
946 1376 1171 1473 oppugnari,
1184 1398 1267 1473 pre·

208 1478 310 1552 cibus
323 1505 388 1580 per
402 1483 647 1554 internuntios
661 1481 899 1554 Hamilcarem
913 1499 1054 1575 exorat,
1065 1500 1107 1557 ut
1120 1487 1215 1557 inter
1229 1511 1267 1558 se

208 1605 244 1662 et
263 1595 505 1687 Syracusanos
526 1593 622 1690 pacis
640 1591 788 1664 arbitria
809 1595 999 1692 suscipiat,
1016 1596 1210 1694 peculiaria
1228 1598 1267 1669 in

208 1702 327 1799 ipsum
358 1699 477 1772 officia
509 1728 574 1774 sua
605 1707 874 1802 repromittens.
901 1708 981 1796 Qua
1011 1731 1074 1805 spe
1100 1706 1297 1806 impletusa

211 1811 390 1884 Hamilcar
416 1814 623 1884 societatem
650 1835 734 1886 cum
760 1840 828 1904 eo,
849 1832 950 1888 metu
977 1819 1148 1916 potentiae
1175 1819 1271 1915 e'jus,

206 1923 327 2020 jungit
337 1951 344 1993 ε
353 1937 409 2011 ut,
417 1938 595 2020 quantum
604 1925 735 1996 virium
745 1926 932 2022 Agathocli
945 1926 1113 2001 adversus
1122 1933 1272 2026 Syracu-

211 2059 318 2105 sanos
334 2032 508 2122 dedisset,
522 2047 663 2106 tantum
678 2035 754 2134 ipse
768 2034 814 2106 ad
831 2035 1055 2108 incrementa
1068 2038 1271 2110 domesticas

211 2146 382 2244 potentiae
395 2147 621 2242 reciperarat.
636 2146 749 2242 Igitur
759 2170 836 2215 non
850 2169 920 2244 pax
931 2159 1071 2216 tantum
1085 2146 1299 2243 Agathocli7

211 2254 567 2345 conciliatur,verum
576 2256 683 2326 etiam
695 2270 826 2353 praetor
835 2257 1018 2352 Syracusis
1029 2259 1270 2329 constituitur.

207 2372 310 2440 Tunc
326 2367 536 2456 Hamilcari,
550 2367 719 2466 expositis
736 2365 881 2463 ignibus
898 2369 1009 2437 cereis
1024 2367 1218 2463 tactisque,
1230 2369 1269 2437 in
1283 2385 1300 2436 a

209 2477 381 2576 obsequia
392 2483 589 2550 Poenorum
599 2477 705 2573 jurat.
719 2477 860 2548 Deinde
871 2479 1028 2576 acceptis
1043 2476 1089 2548 ab
1104 2502 1148 2549 eo
1164 2480 1270 2576 quin·
1284 2509 1300 2558 9

209 2615 280 2688 que
293 2589 452 2663 millibus
461 2587 644 2678 Afrorum,
656 2589 927 2688 potentissimos
940 2609 1105 2687 quosque
1116 2614 1161 2660 ex
1173 2592 1272 2689 prin-

208 2749 259 2802 hoc
272 2748 419 2813 Diodorus,
427 2749 477 2821 qui
489 2767 563 2814 enm,
573 2749 622 2802 hac
632 2750 718 2802 bono·
795 2749 820 2802 8.
829 2754 952 2821 Expositis
960 2750 1057 2821 ignibus
1064 2753 1137 2802 aren
1146 2755 1271 2825 tactisqroe.

209 2847 269 2881 rum
281 2829 367 2882 mariti
378 2827 477 2882 herede
488 2847 570 2882 uxore
583 2827 662 2890 ducta
675 2828 719 2882 di·
759 2829 819 2881 Jam
831 2841 941 2901 tangens
953 2830 1028 2901 ignes
1039 2847 1129 2883 cereos
1140 2830 1272 2902 expositos

210 2907 337 2960 tissimum
349 2926 409 2968 eum
422 2906 518 2960 factum
530 2926 585 2960 esse
598 2920 693 2960 narrat.
758 2909 828 2978 jurat
847 2908 1004 2975 Hamilcari,
1024 2927 1052 2961 sa
1074 2909 1182 2980 obsequi
1204 2909 1272 2963 velle

245 2986 285 3038 ll.
302 3005 325 3039 ι.
340 2989 543 3057 Anagninis.
558 2988 641 3040 Aliter
654 2987 719 3039 Dio·
760 2986 853 3039 Ptenis.
878 2987 956 3040 Hunc
977 3005 1082 3041 sensam
1103 2987 1272 3041 commodum

211 3062 292 3116 dorus
302 3062 383 3130 XIX,
394 3067 455 3131 5·6,
465 3064 511 3136 qui
519 3077 642 3134 praeterea
652 3065 720 3118 nihil
760 3081 844 3136 quum
856 3066 934 3120 verba
948 3067 1095 3136 praebeant,
1110 3086 1164 3120 non
1176 3066 1272 3131 video,

211 3140 244 3194 de
258 3141 299 3194 his
312 3142 406 3208 habet,
420 3160 478 3213 quae
498 3142 548 3194 hoc
566 3143 625 3194 loeo
645 3143 670 3213 s.
688 3143 720 3208 3,
761 3161 809 3194 car
818 3141 1000 3214 confugiamus
1008 3142 1042 3195 ad
1049 3144 1160 3197 aliorum
1172 3163 1273 3197 correo·

211 3237 282 3292 seqq.
296 3232 449 3286 narrantur-3
469 3232 558 3272 contm
572 3231 673 3284 nanat,
688 3213 721 3272 ali
761 3221 862 3285 tiones,
875 3240 958 3293 quum
974 3241 1000 3274 v.
1016 3240 1040 3273 c.
1058 3221 1179 3276 Gronov.
1192 3239 1272 3285 avus,

211 3297 364 3368 Agathocle,
370 3297 599 3370 Murgantinorum
609 3297 722 3350 militum
762 3317 842 3370 quem
854 3299 890 3350 Is.
905 3299 1015 3352 Vossius
1027 3311 1054 3350 et
1066 3299 1149 3350 Faber
1162 3309 1223 3350 sunt
1232 3316 1273 3350 se·

211 3373 297 3440 duce,
311 3389 429 3429 senatum
450 3378 640 3448 Syracusanum
661 3390 720 3428 sex-
762 3377 852 3447 qunti,
867 3395 928 3429 cam
941 3376 1043 3430 Sebisio
1056 3376 1169 3447 corrigat
1184 3379 1275 3428 Cereris

211 3467 348 3508 centorum
358 3454 422 3508 dolo
434 3455 658 3518 circumventum,
671 3471 723 3506 una
763 3473 814 3526 pro
826 3457 898 3506 emas
909 3473 918 3506 :
931 3473 1010 3526 quam
1027 3466 1114 3506 tamen
1131 3453 1273 3506 correctio·

212 3551 272 3586 oum
293 3535 349 3587 aliis
370 3545 482 3606 quatuor
504 3533 619 3586 millibus
645 3532 723 3585 saissa
764 3551 825 3584 nem
838 3528 1273 3586 coufirmatood.Med.etJuven.

211 3611 378 3679 trucidatum,
384 3625 411 3666 et
419 3631 463 3666 aex
470 3613 550 3664 millia
558 3610 640 3682 patria
646 3611 724 3664 baisse
764 3610 844 3677 XIV,
857 3612 985 3679 arii-2193
999 3623 1045 3661 aut
1055 3627 1117 3660 cum
1126 3609 1274 3683 Peymredo

211 3693 293 3762 ejecta
307 3709 364 3764 cap.
379 3695 436 3747 6·8.
448 3692 488 3744 Ab
497 3691 539 3744 his
551 3707 633 3762 quam
646 3691 723 3761 Agri·
764 3693 851 3754 sacris,
863 3689 923 3742 coll.
934 3689 993 3742 Lis.
1004 3686 1070 3751 xit,
1080 3702 1109 3750 r,
1120 3694 1150 3752 A,
1161 3701 1275 3745 anteum

213 3770 329 3840 gemini,
344 3771 420 3824 Geloi
441 3784 467 3824 et
480 3769 604 3823 Messenii
619 3769 724 3822 excitati
765 3769 870 3822 Gravia
880 3767 994 3837 denique
1006 3783 1012 3818 :
1022 3767 1275 3819 tuncltama'lcsrian's

211 3847 309 3900 ballum
318 3849 462 3903 movissent
470 3852 502 3900 A.
512 3848 546 3900 U.
559 3853 622 3911 44⁰3
631 3855 724 3918 pacem
760 3850 853 3919 positis,
861 3845 983 3916 etigaibsn
990 3846 1273 3917 &mammisquaetca

211 3923 280 3978 iuter
292 3927 343 3979 hos
355 3940 381 3980 at
392 3927 564 3999 Agathoclem
574 3927 724 3997 composuit
764 3925 824 3978 coll.
837 3925 913 3996 Virg.
926 3925 986 3975 AEn.
999 3921 1071 3987 ΧΠ,
1084 3940 1140 3975 ros.
1157 3925 1275 3995 Longius

212 4002 343 4058 Hamilcar
355 4024 411 4076 cap.
427 4025 519 4076 7⁰·72·
764 4005 864 4074 aaulg.
887 4003 941 4055 abit
961 4000 1105 4055 Boxhornii
1125 4005 1274 4056 consotios

246 4086 271 4135 6.
286 4091 353 4136 Metu
359 4086 474 4156 patentia
490 4085 550 4153 ejas.
565 4083 626 4135 Duo
644 4082 721 4136 MSS.
764 4086 875 4153 expositis
887 4079 1061 4133 conditionibus
1068 4079 1169 4145 foederis
1183 4084 1274 4154 pacts's-

212 4173 298 4213 mntaoe
306 4166 419 4235 potentio
424 4165 523 4233 jangit5
535 4162 602 4214 bene
616 4180 687 4216 sane.
763 4180 821 4233 que,
835 4161 875 4214 vel
883 4164 1012 4233 pacasqaq
1023 4159 1084 4213 coll.
1098 4158 1193 4225 XXX,
1206 4162 1235 4226 3,
1247 4163 1273 4213 8.
