2967 4684
220 320 288 401 aad
643 316 852 387 JUSTINI

217 460 434 536 rorumque,
456 454 492 510 et
517 438 724 537 longinquae
748 462 770 507 a
792 437 902 509 domo
923 435 1075 530 militiae,
1095 444 1276 515 Persicum

219 574 367 637 aurum,
384 563 420 621 et
436 552 546 621 totius
564 551 722 622 Orientis
739 572 847 647 opes,
859 552 933 646 jam
951 556 1052 648 quasi
1069 578 1170 623 suam
1187 580 1276 652 prae-

220 659 302 732 dam
328 658 531 750 ducebant,
549 686 618 733 nec
640 660 725 731 belli
749 661 1086 759 periculorumque,
1103 664 1166 735 sed
1189 663 1276 736 divi-

175 805 208 842 ιο
220 774 350 843 tiarurn
383 776 630 843 meminerant.
662 774 785 861 Quum
818 769 925 841 delati
956 773 996 841 in
1028 774 1278 861 continentem

220 895 355 969 essent,
373 885 510 980 primus
535 881 736 955 Alexander
752 879 912 977 jaculum
932 881 1090 953 velutin
1112 881 1279 955 hostilem
1333 883 1338 897 “

175 1026 205 1063 ιι
219 1006 350 1063 terram
370 994 474 1089 jecit3
494 1008 724 1095 armatusque
746 990 791 1061 de
815 991 899 1061 navi
924 989 1135 1089 tripudianti
1158 991 1279 1065 similis

220 1103 404 1200 prosiluit,
428 1117 535 1200 atque
559 1104 608 1173 ita
633 1100 770 1172 hostias
794 1100 918 1188 caedit,
939 1117 1125 1196 precatus,
1142 1134 1160 1169 α
1175 1128 1280 1175 nese

120 1293 123 1302 Ι
175 1244 206 1281 ιι
220 1236 339 1309 regem
353 1211 420 1282 illae
434 1226 536 1283 terrae
553 1214 671 1281 invitae
689 1212 877 1309 accipiant.
888 1241 906 1276 ι
923 1216 967 1281 In
983 1211 1050 1283 llio
1069 1238 1216 1311 quoque
1234 1214 1279 1285 ad

220 1323 378 1395 tumulos
401 1322 575 1410 heroum,
594 1324 656 1420 qui
674 1322 833 1417 Trojano
857 1318 953 1393 bello
977 1321 1201 1414 ceciderant,
1217 1349 1280 1423 pa·

219 1437 383 1505 tentavit.

193 1581 204 1615 ι
268 1550 327 1616 VI.
342 1544 433 1616 Inde
448 1544 589 1615 hostem
603 1558 750 1642 petens,
761 1542 891 1614 milites
905 1568 927 1614 a
943 1545 1178 1644 populatione
1192 1546 1280 1618 Asia

220 1654 425 1754 prohibuit,
439 1686 456 1719 ιι
470 1654 694 1725 Parcendum
710 1655 783 1725 suis
796 1653 905 1725 rebus
918 1653 1103 1754 praesatus,
1118 1680 1187 1729 nec
1198 1682 1281 1755 per·
1373 1751 1377 1759 Ι

192 1804 207 1839 ι
221 1763 340 1837 denda
360 1789 417 1851 ea,
435 1788 514 1861 quae
532 1766 729 1863 possessuri
745 1767 954 1836 venerint.»
971 1772 1015 1837 In
1030 1770 1190 1839 exercitu
1206 1769 1281 1864 ejus

220 1872 321 1946 fuere
335 1874 497 1973 peditum
510 1900 581 1945 xxx
595 1874 667 1946 duo
684 1873 811 1964 millia,
826 1879 991 1974 equitum
1005 1893 1162 1976 quatuor
1173 1878 1281 1949 millia

192 2004 208 2059 3
221 1988 427 2084 quingenti,
440 2010 549 2057 naves
563 2000 711 2057 centurn
726 2012 857 2059 nrxrrr.
873 1993 948 2059 Hac
963 2002 1036 2060 tarn
1051 2014 1157 2088 parva
1171 2015 1282 2061 manu

220 2098 429 2170 universum
442 2112 618 2169 terrarum
626 2096 754 2168 orbem
763 2112 885 2169 utrum
894 2097 1140 2172 admirabilius
1147 2102 1283 2188 vicerit,

193 2228 268 2285 tan
289 2207 434 2307 adgredi
452 2233 562 2309 ausus
581 2205 708 2296 luerit,
724 2209 904 2279 incertum
925 2224 988 2281 est.
1003 2212 1125 2301 Quum
1144 2209 1190 2279 ad
1209 2224 1281 2281 tarn

220 2319 463 2418 periculosum
484 2319 620 2392 bellum
645 2321 843 2391 exercitum
867 2319 1017 2417 legeret,
1035 2345 1113 2390 non
1131 2320 1282 2416 juvenes

219 2430 410 2521 robustos,
432 2456 501 2503 nec
527 2432 684 2529 primum
705 2428 834 2501 florem
857 2432 988 2518 fetatis,
1010 2428 1074 2501 sed
1093 2444 1287 2501 veteranos

221 2541 431 2641 plerosque,
449 2545 556 2613 etiam
574 2542 730 2613 emeritae
751 2541 903 2630 militiae,
919 2542 983 2637 qui
1002 2564 1086 2611 cum
1101 2554 1202 2637 patre
1219 2564 1281 2637 pa·

193 2653 383 2749 struisque
412 2652 674 2733 militaverant,
697 2650 823 2747 elegit3
858 2665 898 2721 ut
927 2675 1006 2721 non
1035 2664 1107 2721 tam
1133 2648 1282 2739 milites,

193 2786 332 2859 squam
349 2764 537 2859 magistros
553 2760 686 2831 militiae
701 2760 835 2833 electos
850 2774 1005 2859 putares.
1019 2760 1174 2832 Ordines
1191 2785 1281 2859 quo·

258 3011 543 3065 12.Parentavit.Conf.
556 3010 629 3080 ΧΠ,
646 3013 691 3079 ι5,
705 3017 731 3067 6.
773 3026 923 3068 enumerat:
933 3016 1058 3069 Arrianus
1067 3026 1155 3069 autem
1164 3014 1284 3088 pediturn

221 3088 263 3142 De
284 3107 314 3142 re
337 3091 428 3143 confer
448 3090 505 3145 cic.
524 3091 604 3145 Arch.
627 3110 673 3157 to,
691 3096 731 3145 6:
773 3094 897 3165 triginta,
911 3095 1031 3166 equitnm
1052 3094 1169 3167 quinque
1186 3095 1284 3160 millia;

221 3167 400 3220 Alexandertn
414 3172 483 3239 Sigeo
501 3188 573 3241 quum
586 3169 622 3221 ad
632 3170 733 3223 Aetate
773 3170 900 3244 additque
923 3172 1124 3226 Parmenionem
1145 3189 1207 3225 eum
1234 3176 1284 3227 160

221 3248 334 3299 tumulum
350 3246 498 3299 adstitisset:
511 3268 526 3299 o
536 3248 675 3313 fhnmte,
692 3252 732 3299 in·
773 3250 924 3304 triremibus
957 3253 986 3303 in
1017 3251 1104 3303 Asiam
1133 3250 1283 3321 mieciate,

221 3330 284 3399 quit,
297 3327 449 3391 adolescens,
464 3331 506 3401 qui
518 3339 566 3379 tua
575 3331 672 3383 oannis
682 3333 733 3383 Ευ-
771 3327 951 3381 Alexandrum
963 3346 1028 3383 rere
1040 3344 1102 3380 enm
1120 3328 1154 3380 ⁵0
1172 3328 1283 3381 mribus

222 3424 309 3457 merum
324 3424 460 3478 preconem
478 3408 612 3457 inveneris!
628 3435 662 3445 -
680 3410 732 3457 Be·
771 3408 869 3479 longia.
884 3426 930 3460 tto.

215 3503 296 3537 mum.
308 3484 348 3537 Ex
358 3482 462 3537 emend.
478 3484 570 3539 Sebiaii
581 3501 632 3554 pro
642 3502 731 3535 eorum.
809 3492 834 3549 4.
848 3493 978 3537 Veterum
982 3484 1121 3555 pterosque,
1131 3485 1211 3534 edan.
1223 3482 1282 3535 Dia·

256 3562 307 3615 v1.
327 3581 350 3615 r.
371 3568 423 3615 Nec
440 3561 593 3634 perdenda...
613 3564 731 3613 venerint.
774 3561 1161 3631 tinxieuml.ll.lleasiogero
1169 3558 1282 3612 Emend.

221 3640 295 3693 Curt.
314 3638 732 3709 1V,rt‚4:1vuttmdespera·
773 3660 835 3714 pag.
859 3658 907 3695 aoa
926 3652 988 3713 port
1000 3640 1142 3711 plerusque,
1163 3657 1235 3704 non,
1254 3649 1285 3693 ut

221 3721 293 3771 tionis
315 3720 495 3787 (Persarum)
519 3720 596 3788 majus
620 3716 732 3769 indicem
774 3722 856 3792 vulgo
879 3720 927 3785 fit,
951 3731 1013 3790 port
1036 3730 1181 3780 veteranos,
1206 3734 1285 3769 sensu

223 3795 391 3863 (Alexandro
403 3798 482 3866 fuit),
491 3814 563 3868 quam
574 3793 641 3868 quod
649 3794 731 3859 urbes,
774 3801 880 3871 inepto,
889 3816 943 3870 quo
953 3797 1073 3868 plerique
1080 3796 1195 3849 militurn
1204 3794 1286 3847 tuine

221 3874 289 3945 qnod
295 3893 368 3943 arros
376 3895 433 3927 suos
443 3886 555 3927 urerent:
563 3872 677 3947 quicquid
684 3892 734 3925 non
775 3890 924 3931 statunnmr
947 3876 1061 3929 emeritae
1086 3874 1203 3937 militia,
1228 3872 1285 3926 aire

223 3956 387 4025 eorrupbsent,
396 3954 497 4005 hostium
505 3972 557 4005 esse
565 3952 675 4017 confessi.
686 3968 732 4004 nt).
775 3957 887 4009 emeriti.
897 3958 1043 4007 -ratratc
1058 3954 1164 4008 Scilicet
1175 3954 1285 4005 Alexan·

257 4056 282 4089 ι.
296 4041 327 4087 ln
340 4038 446 4087 exercitu
458 4038 509 4105 ejus
516 4036 589 4101 sum
602 4046 653 4087 etc.
666 4034 733 4087 Tot·
774 4034 825 4087 dro
837 4046 863 4086 et
876 4032 1002 4088 Perdicca
1021 4044 1112 4089 coum
1133 4031 1287 4107 lllyriorum

225 4113 295 4172 idem
311 4112 445 4169 Diodorus
460 4132 566 4187 quoque
584 4112 686 4181 xvlt,
702 4132 733 4185 17
775 4124 887 4184 gentem.
