<?xml version="1.0" encoding="UTF-8"?>
<!DOCTYPE html PUBLIC "-//W3C//DTD XHTML 1.0 Transitional//EN"
    "http://www.w3.org/TR/xhtml1/DTD/xhtml1-transitional.dtd">
<html xmlns="http://www.w3.org/1999/xhtml" xml:lang="en" lang="en">
 <head>
  <title>
</title>
<meta http-equiv="Content-Type" content="text/html;charset=utf-8" />
  <meta name='ocr-system' content='tesseract 3.04.00' />
  <meta name='ocr-capabilities' content='ocr_page ocr_carea ocr_par ocr_line ocrx_word'/>
</head>
<body>
  <div class='ocr_page' id='page_1' title='image "./justinihistoria00lemagoog_0216.png"; bbox 0 0 2967 4684; ppageno 0'>
   <div class='ocr_carea' id='block_1_1' title="bbox 382 326 1236 438">
    <p class='ocr_par' dir='ltr' id='par_1_1' title="bbox 382 326 1236 438">
     <span class='ocr_line' id='line_1_1' title="bbox 382 326 1236 438; baseline 0.004 -7"><span class='ocrx_word' id='word_1_1' title='bbox 382 361 762 438; x_wconf 78' lang='lat' dir='ltr'><strong>rnsronntnun</strong></span> <span class='ocrx_word' id='word_1_2' title='bbox 786 366 944 434; x_wconf 69' lang='lat' dir='ltr'><strong>hinnu</strong></span> <span class='ocrx_word' id='word_1_3' title='bbox 968 326 1036 433; x_wconf 78' lang='lat' dir='ltr'><strong>vr.</strong></span> <span class='ocrx_word' id='word_1_4' title='bbox 1176 364 1236 434; x_wconf 85' lang='lat'><strong>181</strong></span> 
     </span>
    </p>
   </div>
   <div class='ocr_carea' id='block_1_2' title="bbox 179 483 1273 1138">
    <p class='ocr_par' dir='ltr' id='par_1_2' title="bbox 179 483 1273 1138">
     <span class='ocr_line' id='line_1_2' title="bbox 179 483 1243 582; baseline 0.003 -28"><span class='ocrx_word' id='word_1_5' title='bbox 179 495 304 581; x_wconf 89' lang='lat' dir='ltr'><strong>postea</strong></span> <span class='ocrx_word' id='word_1_6' title='bbox 318 483 531 576; x_wconf 88' lang='lat' dir='ltr'><strong>virtutibus,</strong></span> <span class='ocrx_word' id='word_1_7' title='bbox 545 486 610 558; x_wconf 86' lang='lat' dir='ltr'><strong>sed</strong></span> <span class='ocrx_word' id='word_1_8' title='bbox 626 483 790 558; x_wconf 88' lang='lat' dir='ltr'><strong>cladibus</strong></span> <span class='ocrx_word' id='word_1_9' title='bbox 803 486 963 582; x_wconf 82' lang='lat' dir='ltr'><strong>insignes</strong></span> <span class='ocrx_word' id='word_1_10' title='bbox 976 483 1078 557; x_wconf 84' lang='lat' dir='ltr'><strong>fuere</strong></span> <span class='ocrx_word' id='word_1_11' title='bbox 1090 512 1099 555; x_wconf 91' lang='lat'><strong>:</strong></span> <span class='ocrx_word' id='word_1_12' title='bbox 1113 500 1156 557; x_wconf 93' lang='lat' dir='ltr'><strong>ut</strong></span> <span class='ocrx_word' id='word_1_13' title='bbox 1169 511 1243 557; x_wconf 90' lang='lat' dir='ltr'><strong>ma·</strong></span> 
     </span>
     <span class='ocr_line' id='line_1_3' title="bbox 179 587 1242 694; baseline 0.006 -34"><span class='ocrx_word' id='word_1_14' title='bbox 179 587 351 664; x_wconf 84' lang='lat' dir='ltr'><strong>nifestum</strong></span> <span class='ocrx_word' id='word_1_15' title='bbox 371 595 436 682; x_wconf 92' lang='lat' dir='ltr'><strong>sit,</strong></span> <span class='ocrx_word' id='word_1_16' title='bbox 456 597 577 692; x_wconf 70' lang='lat' dir='ltr'><strong>patriae</strong></span> <span class='ocrx_word' id='word_1_17' title='bbox 598 595 748 694; x_wconf 87' lang='lat' dir='ltr'><strong>gloriam</strong></span> <span class='ocrx_word' id='word_1_18' title='bbox 773 609 810 666; x_wconf 87' lang='lat' dir='ltr'><strong>et</strong></span> <span class='ocrx_word' id='word_1_19' title='bbox 834 610 956 666; x_wconf 90' lang='lat' dir='ltr'><strong>natam</strong></span> <span class='ocrx_word' id='word_1_20' title='bbox 973 610 1010 667; x_wconf 89' lang='lat' dir='ltr'><strong>et</strong></span> <span class='ocrx_word' id='word_1_21' title='bbox 1028 596 1242 667; x_wconf 83' lang='lat' dir='ltr'><strong>exstinctam</strong></span> 
     </span>
     <span class='ocr_line' id='line_1_4' title="bbox 180 699 1271 797; baseline 0.006 -26"><span class='ocrx_word' id='word_1_22' title='bbox 180 726 263 774; x_wconf 91' lang='lat' dir='ltr'><strong>cum</strong></span> <span class='ocrx_word' id='word_1_23' title='bbox 286 727 330 772; x_wconf 89' lang='lat' dir='ltr'><strong>eo</strong></span> <span class='ocrx_word' id='word_1_24' title='bbox 352 699 470 775; x_wconf 87' lang='lat' dir='ltr'><strong>fuisse.</strong></span> <span class='ocrx_word' id='word_1_25' title='bbox 492 709 572 777; x_wconf 90' lang='lat' dir='ltr'><strong>Fuit</strong></span> <span class='ocrx_word' id='word_1_26' title='bbox 593 721 713 778; x_wconf 91' lang='lat' dir='ltr'><strong>autem</strong></span> <span class='ocrx_word' id='word_1_27' title='bbox 735 707 933 794; x_wconf 88' lang='lat' dir='ltr'><strong>incertum,</strong></span> <span class='ocrx_word' id='word_1_28' title='bbox 953 708 1009 778; x_wconf 88' lang='lat' dir='ltr'><strong>vir</strong></span> <span class='ocrx_word' id='word_1_29' title='bbox 1030 705 1174 797; x_wconf 87' lang='lat' dir='ltr'><strong>melior,</strong></span> <span class='ocrx_word' id='word_1_30' title='bbox 1194 727 1271 785; x_wconf 83' lang='lat' dir='ltr'><strong>ant</strong></span> 
     </span>
     <span class='ocr_line' id='line_1_5' title="bbox 180 811 1272 915; baseline 0.004 -33"><span class='ocrx_word' id='word_1_31' title='bbox 180 811 254 885; x_wconf 85' lang='lat' dir='ltr'><strong>dux</strong></span> <span class='ocrx_word' id='word_1_32' title='bbox 268 827 369 884; x_wconf 88' lang='lat' dir='ltr'><strong>esset.</strong></span> <span class='ocrx_word' id='word_1_33' title='bbox 381 817 473 886; x_wconf 86' lang='lat' dir='ltr'><strong>Nam</strong></span> <span class='ocrx_word' id='word_1_34' title='bbox 490 831 526 886; x_wconf 91' lang='lat' dir='ltr'><strong>et</strong></span> <span class='ocrx_word' id='word_1_35' title='bbox 540 817 732 915; x_wconf 89' lang='lat' dir='ltr'><strong>imperium</strong></span> <span class='ocrx_word' id='word_1_36' title='bbox 747 839 825 888; x_wconf 91' lang='lat' dir='ltr'><strong>non</strong></span> <span class='ocrx_word' id='word_1_37' title='bbox 840 814 929 904; x_wconf 87' lang='lat' dir='ltr'><strong>sibi,</strong></span> <span class='ocrx_word' id='word_1_38' title='bbox 942 815 1007 886; x_wconf 89' lang='lat' dir='ltr'><strong>sed</strong></span> <span class='ocrx_word' id='word_1_39' title='bbox 1020 817 1143 913; x_wconf 74' lang='lat' dir='ltr'><strong>patria</strong></span> <span class='ocrx_word' id='word_1_40' title='bbox 1154 833 1272 887; x_wconf 77' lang='lat' dir='ltr'><strong>sem-t</strong></span> 
     </span>
     <span class='ocr_line' id='line_1_6' title="bbox 180 924 1273 1025; baseline 0.004 -31"><span class='ocrx_word' id='word_1_41' title='bbox 180 947 245 1021; x_wconf 91' lang='lat' dir='ltr'><strong>per</strong></span> <span class='ocrx_word' id='word_1_42' title='bbox 261 925 441 1022; x_wconf 84' lang='lat' dir='ltr'><strong>quaesivit3</strong></span> <span class='ocrx_word' id='word_1_43' title='bbox 457 941 493 998; x_wconf 90' lang='lat' dir='ltr'><strong>et</strong></span> <span class='ocrx_word' id='word_1_44' title='bbox 509 929 672 1025; x_wconf 75' lang='lat' dir='ltr'><strong>pecunia</strong></span> <span class='ocrx_word' id='word_1_45' title='bbox 687 926 779 998; x_wconf 87' lang='lat' dir='ltr'><strong>adeo</strong></span> <span class='ocrx_word' id='word_1_46' title='bbox 795 949 927 1025; x_wconf 86' lang='lat' dir='ltr'><strong>parcus</strong></span> <span class='ocrx_word' id='word_1_47' title='bbox 944 924 1032 1014; x_wconf 86' lang='lat' dir='ltr'><strong>fuit,</strong></span> <span class='ocrx_word' id='word_1_48' title='bbox 1044 940 1088 997; x_wconf 91' lang='lat' dir='ltr'><strong>ut</strong></span> <span class='ocrx_word' id='word_1_49' title='bbox 1104 940 1273 999; x_wconf 83' lang='lat' dir='ltr'><strong>sumtusc</strong></span> 
     </span>
     <span class='ocr_line' id='line_1_7' title="bbox 180 1031 1272 1138; baseline 0.005 -34"><span class='ocrx_word' id='word_1_50' title='bbox 180 1031 300 1106; x_wconf 88' lang='lat' dir='ltr'><strong>funeri</strong></span> <span class='ocrx_word' id='word_1_51' title='bbox 322 1033 485 1114; x_wconf 83' lang='lat' dir='ltr'><strong>desuerit</strong></span> <span class='ocrx_word' id='word_1_52' title='bbox 505 1038 637 1110; x_wconf 84' lang='lat' dir='ltr'><strong>Gloriae</strong></span> <span class='ocrx_word' id='word_1_53' title='bbox 660 1061 809 1138; x_wconf 89' lang='lat' dir='ltr'><strong>quoque</strong></span> <span class='ocrx_word' id='word_1_54' title='bbox 833 1062 911 1107; x_wconf 90' lang='lat' dir='ltr'><strong>non</strong></span> <span class='ocrx_word' id='word_1_55' title='bbox 930 1035 1117 1135; x_wconf 84' lang='lat' dir='ltr'><strong>cupidior,</strong></span> <span class='ocrx_word' id='word_1_56' title='bbox 1133 1063 1272 1136; x_wconf 87' lang='lat' dir='ltr'><strong>quam7</strong></span> 
     </span>
    </p>
   </div>
   <div class='ocr_carea' id='block_1_3' title="bbox 176 1146 1290 3023">
    <p class='ocr_par' dir='ltr' id='par_1_3' title="bbox 176 1146 1290 2687">
     <span class='ocr_line' id='line_1_8' title="bbox 179 1146 1244 1246; baseline 0.006 -31"><span class='ocrx_word' id='word_1_57' title='bbox 179 1146 373 1241; x_wconf 84' lang='lat' dir='ltr'><strong>pecuniae:</strong></span> <span class='ocrx_word' id='word_1_58' title='bbox 400 1149 536 1246; x_wconf 89' lang='lat' dir='ltr'><strong>quippe</strong></span> <span class='ocrx_word' id='word_1_59' title='bbox 566 1148 749 1220; x_wconf 83' lang='lat' dir='ltr'><strong>recusanti</strong></span> <span class='ocrx_word' id='word_1_60' title='bbox 779 1148 903 1219; x_wconf 90' lang='lat' dir='ltr'><strong>omnia</strong></span> <span class='ocrx_word' id='word_1_61' title='bbox 929 1149 1080 1246; x_wconf 88' lang='lat' dir='ltr'><strong>imperia</strong></span> <span class='ocrx_word' id='word_1_62' title='bbox 1106 1151 1244 1245; x_wconf 86' lang='lat' dir='ltr'><strong>ingesta</strong></span> 
     </span>
     <span class='ocr_line' id='line_1_9' title="bbox 178 1256 1272 1357; baseline 0.004 -31"><span class='ocrx_word' id='word_1_63' title='bbox 178 1271 283 1345; x_wconf 81' lang='lat' dir='ltr'><strong>sunt3</strong></span> <span class='ocrx_word' id='word_1_64' title='bbox 304 1256 540 1356; x_wconf 86' lang='lat' dir='ltr'><strong>honoresque</strong></span> <span class='ocrx_word' id='word_1_65' title='bbox 558 1261 606 1330; x_wconf 88' lang='lat' dir='ltr'><strong>ita</strong></span> <span class='ocrx_word' id='word_1_66' title='bbox 624 1259 748 1357; x_wconf 83' lang='lat' dir='ltr'><strong>gessit,</strong></span> <span class='ocrx_word' id='word_1_67' title='bbox 761 1273 803 1329; x_wconf 91' lang='lat' dir='ltr'><strong>ut</strong></span> <span class='ocrx_word' id='word_1_68' title='bbox 817 1272 1074 1329; x_wconf 88' lang='lat' dir='ltr'><strong>ornamentum</strong></span> <span class='ocrx_word' id='word_1_69' title='bbox 1090 1283 1167 1330; x_wconf 92' lang='lat' dir='ltr'><strong>uon</strong></span> <span class='ocrx_word' id='word_1_70' title='bbox 1185 1277 1272 1330; x_wconf 69' lang='grc' dir='ltr'><strong>εις-8</strong></span> 
     </span>
     <span class='ocr_line' id='line_1_10' title="bbox 180 1367 1272 1468; baseline 0.005 -32"><span class='ocrx_word' id='word_1_71' title='bbox 180 1367 317 1465; x_wconf 85' lang='lat' dir='ltr'><strong>cipere,</strong></span> <span class='ocrx_word' id='word_1_72' title='bbox 328 1368 392 1440; x_wconf 91' lang='lat' dir='ltr'><strong>sed</strong></span> <span class='ocrx_word' id='word_1_73' title='bbox 406 1368 491 1440; x_wconf 89' lang='lat' dir='ltr'><strong>dare</strong></span> <span class='ocrx_word' id='word_1_74' title='bbox 505 1371 574 1468; x_wconf 91' lang='lat' dir='ltr'><strong>ipsi</strong></span> <span class='ocrx_word' id='word_1_75' title='bbox 589 1369 753 1467; x_wconf 80' lang='lat' dir='ltr'><strong>dignitati</strong></span> <span class='ocrx_word' id='word_1_76' title='bbox 765 1369 958 1441; x_wconf 90' lang='lat' dir='ltr'><strong>videretur.</strong></span> <span class='ocrx_word' id='word_1_77' title='bbox 970 1374 1049 1440; x_wconf 87' lang='lat' dir='ltr'><strong>Jam</strong></span> <span class='ocrx_word' id='word_1_78' title='bbox 1059 1369 1243 1442; x_wconf 90' lang='lat' dir='ltr'><strong>literarum</strong></span> <span class='ocrx_word' id='word_1_79' title='bbox 1255 1400 1272 1450; x_wconf 85' lang='lat'><strong>9</strong></span> 
     </span>
     <span class='ocr_line' id='line_1_11' title="bbox 179 1465 1244 1582; baseline 0.006 -35"><span class='ocrx_word' id='word_1_80' title='bbox 179 1477 337 1549; x_wconf 86' lang='lat' dir='ltr'><strong>studium</strong></span> <span class='ocrx_word' id='word_1_81' title='bbox 347 1480 443 1574; x_wconf 80' lang='lat' dir='ltr'><strong>,jam</strong></span> <span class='ocrx_word' id='word_1_82' title='bbox 462 1465 699 1582; x_wconf 83' lang='lat' dir='ltr'><strong>philosophiae</strong></span> <span class='ocrx_word' id='word_1_83' title='bbox 715 1480 884 1552; x_wconf 91' lang='lat' dir='ltr'><strong>doctrina</strong></span> <span class='ocrx_word' id='word_1_84' title='bbox 897 1495 1013 1569; x_wconf 89' lang='lat' dir='ltr'><strong>tanta,</strong></span> <span class='ocrx_word' id='word_1_85' title='bbox 1025 1494 1067 1552; x_wconf 93' lang='lat' dir='ltr'><strong>ut</strong></span> <span class='ocrx_word' id='word_1_86' title='bbox 1080 1465 1244 1553; x_wconf 84' lang='lat' dir='ltr'><strong>mirabile</strong></span> 
     </span>
     <span class='ocr_line' id='line_1_12' title="bbox 178 1588 1244 1690; baseline 0.003 -32"><span class='ocrx_word' id='word_1_87' title='bbox 178 1588 380 1679; x_wconf 88' lang='lat' dir='ltr'><strong>videretur,</strong></span> <span class='ocrx_word' id='word_1_88' title='bbox 398 1590 497 1662; x_wconf 89' lang='lat' dir='ltr'><strong>unde</strong></span> <span class='ocrx_word' id='word_1_89' title='bbox 519 1607 592 1663; x_wconf 89' lang='lat' dir='ltr'><strong>tam</strong></span> <span class='ocrx_word' id='word_1_90' title='bbox 614 1591 765 1690; x_wconf 86' lang='lat' dir='ltr'><strong>insignis</strong></span> <span class='ocrx_word' id='word_1_91' title='bbox 782 1590 915 1661; x_wconf 79' lang='lat' dir='ltr'><strong>militiae</strong></span> <span class='ocrx_word' id='word_1_92' title='bbox 933 1592 1084 1662; x_wconf 88' lang='lat' dir='ltr'><strong>selentia</strong></span> <span class='ocrx_word' id='word_1_93' title='bbox 1100 1589 1244 1661; x_wconf 91' lang='lat' dir='ltr'><strong>homini</strong></span> 
     </span>
     <span class='ocr_line' id='line_1_13' title="bbox 178 1701 1290 1804; baseline 0.004 -35"><span class='ocrx_word' id='word_1_94' title='bbox 178 1701 275 1771; x_wconf 90' lang='lat' dir='ltr'><strong>inter</strong></span> <span class='ocrx_word' id='word_1_95' title='bbox 290 1701 409 1773; x_wconf 87' lang='lat' dir='ltr'><strong>literas</strong></span> <span class='ocrx_word' id='word_1_96' title='bbox 422 1719 519 1776; x_wconf 92' lang='lat' dir='ltr'><strong>nato.</strong></span> <span class='ocrx_word' id='word_1_97' title='bbox 533 1708 660 1804; x_wconf 90' lang='lat' dir='ltr'><strong>Neque</strong></span> <span class='ocrx_word' id='word_1_98' title='bbox 674 1703 719 1775; x_wconf 94' lang='lat' dir='ltr'><strong>ab</strong></span> <span class='ocrx_word' id='word_1_99' title='bbox 734 1703 807 1774; x_wconf 91' lang='lat' dir='ltr'><strong>hoc</strong></span> <span class='ocrx_word' id='word_1_100' title='bbox 820 1705 900 1774; x_wconf 83' lang='lat' dir='ltr'><strong>vitae</strong></span> <span class='ocrx_word' id='word_1_101' title='bbox 914 1703 1102 1802; x_wconf 89' lang='lat' dir='ltr'><strong>proposito</strong></span> <span class='ocrx_word' id='word_1_102' title='bbox 1116 1702 1243 1774; x_wconf 88' lang='lat' dir='ltr'><strong>mortis</strong></span> <span class='ocrx_word' id='word_1_103' title='bbox 1256 1731 1290 1765; x_wconf 82' lang='grc' dir='ltr'><strong>ιο</strong></span> 
     </span>
     <span class='ocr_line' id='line_1_14' title="bbox 177 1812 1287 1902; baseline -0.003 -21"><span class='ocrx_word' id='word_1_104' title='bbox 177 1814 269 1883; x_wconf 91' lang='lat' dir='ltr'><strong>ratio</strong></span> <span class='ocrx_word' id='word_1_105' title='bbox 291 1812 481 1886; x_wconf 86' lang='lat' dir='ltr'><strong>dissensit:</strong></span> <span class='ocrx_word' id='word_1_106' title='bbox 497 1842 583 1888; x_wconf 88' lang='lat' dir='ltr'><strong>nam</strong></span> <span class='ocrx_word' id='word_1_107' title='bbox 605 1830 646 1887; x_wconf 92' lang='lat' dir='ltr'><strong>ut</strong></span> <span class='ocrx_word' id='word_1_108' title='bbox 668 1815 802 1886; x_wconf 88' lang='lat' dir='ltr'><strong>relatus</strong></span> <span class='ocrx_word' id='word_1_109' title='bbox 820 1815 858 1884; x_wconf 92' lang='lat' dir='ltr'><strong>in</strong></span> <span class='ocrx_word' id='word_1_110' title='bbox 876 1829 990 1885; x_wconf 84' lang='lat' dir='ltr'><strong>castra</strong></span> <span class='ocrx_word' id='word_1_111' title='bbox 1008 1814 1243 1902; x_wconf 90' lang='lat' dir='ltr'><strong>semianimis,</strong></span> <span class='ocrx_word' id='word_1_112' title='bbox 1257 1843 1287 1879; x_wconf 86' lang='grc' dir='ltr'><strong>ιι</strong></span> 
     </span>
     <span class='ocr_line' id='line_1_15' title="bbox 176 1925 1244 2026; baseline 0.002 -33"><span class='ocrx_word' id='word_1_113' title='bbox 176 1948 303 1995; x_wconf 90' lang='lat' dir='ltr'><strong>vocem</strong></span> <span class='ocrx_word' id='word_1_114' title='bbox 328 1928 568 2026; x_wconf 87' lang='lat' dir='ltr'><strong>spiritumque</strong></span> <span class='ocrx_word' id='word_1_115' title='bbox 591 1926 754 2024; x_wconf 82' lang='lat' dir='ltr'><strong>collegit,</strong></span> <span class='ocrx_word' id='word_1_116' title='bbox 774 1925 811 2010; x_wconf 90' lang='lat' dir='ltr'><strong>id</strong></span> <span class='ocrx_word' id='word_1_117' title='bbox 833 1951 949 1997; x_wconf 90' lang='lat' dir='ltr'><strong>unum</strong></span> <span class='ocrx_word' id='word_1_118' title='bbox 968 1950 989 1995; x_wconf 89' lang='lat' dir='ltr'><strong>a</strong></span> <span class='ocrx_word' id='word_1_119' title='bbox 1011 1925 1244 1996; x_wconf 83' lang='lat' dir='ltr'><strong>circumstan-</strong></span> 
     </span>
     <span class='ocr_line' id='line_1_16' title="bbox 177 2032 1245 2134; baseline 0 -30"><span class='ocrx_word' id='word_1_120' title='bbox 177 2034 275 2106; x_wconf 87' lang='lat' dir='ltr'><strong>tibus</strong></span> <span class='ocrx_word' id='word_1_121' title='bbox 292 2039 495 2134; x_wconf 79' lang='lat' dir='ltr'><strong>requisivit,</strong></span> <span class='ocrx_word' id='word_1_122' title='bbox 510 2042 637 2110; x_wconf 85' lang='lat' dir='ltr'><strong>«Num</strong></span> <span class='ocrx_word' id='word_1_123' title='bbox 652 2036 799 2134; x_wconf 82' lang='lat' dir='ltr'><strong>cadenti</strong></span> <span class='ocrx_word' id='word_1_124' title='bbox 813 2035 883 2107; x_wconf 88' lang='lat' dir='ltr'><strong>sibi</strong></span> <span class='ocrx_word' id='word_1_125' title='bbox 898 2049 1040 2109; x_wconf 84' lang='lat' dir='ltr'><strong>scutum</strong></span> <span class='ocrx_word' id='word_1_126' title='bbox 1054 2032 1245 2105; x_wconf 84' lang='lat' dir='ltr'><strong>ademisset</strong></span> 
     </span>
     <span class='ocr_line' id='line_1_17' title="bbox 178 2141 1289 2236; baseline -0.002 -25"><span class='ocrx_word' id='word_1_127' title='bbox 178 2141 343 2215; x_wconf 74' lang='lat' dir='ltr'><strong>hostisln</strong></span> <span class='ocrx_word' id='word_1_128' title='bbox 368 2147 475 2236; x_wconf 90' lang='lat' dir='ltr'><strong>Quod</strong></span> <span class='ocrx_word' id='word_1_129' title='bbox 501 2163 542 2218; x_wconf 91' lang='lat' dir='ltr'><strong>ut</strong></span> <span class='ocrx_word' id='word_1_130' title='bbox 569 2163 748 2220; x_wconf 89' lang='lat' dir='ltr'><strong>servatum</strong></span> <span class='ocrx_word' id='word_1_131' title='bbox 778 2147 933 2234; x_wconf 87' lang='lat' dir='ltr'><strong>audivit,</strong></span> <span class='ocrx_word' id='word_1_132' title='bbox 951 2143 1130 2232; x_wconf 88' lang='lat' dir='ltr'><strong>adlatum,</strong></span> <span class='ocrx_word' id='word_1_133' title='bbox 1147 2144 1244 2215; x_wconf 89' lang='lat' dir='ltr'><strong>velut</strong></span> <span class='ocrx_word' id='word_1_134' title='bbox 1258 2175 1289 2210; x_wconf 63' lang='grc' dir='ltr'><strong>ιι</strong></span> 
     </span>
     <span class='ocr_line' id='line_1_18' title="bbox 177 2253 1289 2354; baseline 0 -33"><span class='ocrx_word' id='word_1_135' title='bbox 177 2253 346 2326; x_wconf 87' lang='lat' dir='ltr'><strong>laborum</strong></span> <span class='ocrx_word' id='word_1_136' title='bbox 359 2255 553 2354; x_wconf 84' lang='lat' dir='ltr'><strong>gloriaeque</strong></span> <span class='ocrx_word' id='word_1_137' title='bbox 567 2262 706 2329; x_wconf 91' lang='lat' dir='ltr'><strong>socium</strong></span> <span class='ocrx_word' id='word_1_138' title='bbox 724 2256 906 2327; x_wconf 89' lang='lat' dir='ltr'><strong>osculatus</strong></span> <span class='ocrx_word' id='word_1_139' title='bbox 922 2269 984 2325; x_wconf 85' lang='lat' dir='ltr'><strong>est</strong></span> <span class='ocrx_word' id='word_1_140' title='bbox 999 2261 1135 2324; x_wconf 89' lang='lat' dir='ltr'><strong>Iterum</strong></span> <span class='ocrx_word' id='word_1_141' title='bbox 1151 2266 1289 2350; x_wconf 74' lang='lat' dir='ltr'><strong>quae-13</strong></span> 
     </span>
     <span class='ocr_line' id='line_1_19' title="bbox 179 2363 1244 2449; baseline -0.003 -13"><span class='ocrx_word' id='word_1_142' title='bbox 179 2365 262 2436; x_wconf 91' lang='lat' dir='ltr'><strong>sivit</strong></span> <span class='ocrx_word' id='word_1_143' title='bbox 278 2393 285 2434; x_wconf 94' lang='lat'><strong>:</strong></span> <span class='ocrx_word' id='word_1_144' title='bbox 302 2395 319 2430; x_wconf 77' lang='grc' dir='ltr'><strong>α</strong></span> <span class='ocrx_word' id='word_1_145' title='bbox 332 2368 413 2436; x_wconf 90' lang='lat' dir='ltr'><strong>Utri</strong></span> <span class='ocrx_word' id='word_1_146' title='bbox 426 2368 620 2439; x_wconf 85' lang='lat' dir='ltr'><strong>vicissent?</strong></span> <span class='ocrx_word' id='word_1_147' title='bbox 631 2397 648 2434; x_wconf 77' lang='lat' dir='ltr'><strong>u</strong></span> <span class='ocrx_word' id='word_1_148' title='bbox 662 2369 713 2438; x_wconf 89' lang='lat' dir='ltr'><strong>Ut</strong></span> <span class='ocrx_word' id='word_1_149' title='bbox 728 2365 864 2436; x_wconf 88' lang='lat' dir='ltr'><strong>audivit</strong></span> <span class='ocrx_word' id='word_1_150' title='bbox 883 2363 1094 2449; x_wconf 84' lang='lat' dir='ltr'><strong>Thebanos,</strong></span> <span class='ocrx_word' id='word_1_151' title='bbox 1113 2393 1129 2426; x_wconf 77' lang='grc' dir='ltr'>α</span> <span class='ocrx_word' id='word_1_152' title='bbox 1147 2369 1244 2434; x_wconf 91' lang='lat' dir='ltr'><strong>Bene</strong></span> 
     </span>
     <span class='ocr_line' id='line_1_20' title="bbox 178 2472 1245 2576; baseline -0.002 -28"><span class='ocrx_word' id='word_1_153' title='bbox 178 2475 314 2548; x_wconf 86' lang='lat' dir='ltr'><strong>habere</strong></span> <span class='ocrx_word' id='word_1_154' title='bbox 330 2501 368 2548; x_wconf 92' lang='lat' dir='ltr'><strong>se</strong></span> <span class='ocrx_word' id='word_1_155' title='bbox 382 2501 476 2562; x_wconf 89' lang='lat' dir='ltr'><strong>rem,</strong></span> <span class='ocrx_word' id='word_1_156' title='bbox 487 2509 504 2544; x_wconf 75' lang='lat' dir='ltr'><strong>u</strong></span> <span class='ocrx_word' id='word_1_157' title='bbox 519 2477 628 2549; x_wconf 86' lang='lat' dir='ltr'><strong>dixit:</strong></span> <span class='ocrx_word' id='word_1_158' title='bbox 644 2493 753 2576; x_wconf 84' lang='lat' dir='ltr'><strong>atque</strong></span> <span class='ocrx_word' id='word_1_159' title='bbox 767 2479 834 2565; x_wconf 89' lang='lat' dir='ltr'><strong>ita,</strong></span> <span class='ocrx_word' id='word_1_160' title='bbox 846 2475 944 2548; x_wconf 92' lang='lat' dir='ltr'><strong>velut</strong></span> <span class='ocrx_word' id='word_1_161' title='bbox 957 2472 1245 2572; x_wconf 87' lang='lat' dir='ltr'><strong>gratulabundus</strong></span> 
     </span>
     <span class='ocr_line' id='line_1_21' title="bbox 178 2589 539 2687; baseline 0.003 -29"><span class='ocrx_word' id='word_1_162' title='bbox 178 2591 321 2687; x_wconf 86' lang='lat' dir='ltr'><strong>patriae,</strong></span> <span class='ocrx_word' id='word_1_163' title='bbox 337 2589 539 2686; x_wconf 88' lang='lat' dir='ltr'><strong>exspiravit.</strong></span> 
     </span>
    </p>

    <p class='ocr_par' dir='ltr' id='par_1_4' title="bbox 179 2695 1274 3023">
     <span class='ocr_line' id='line_1_22' title="bbox 226 2695 1271 2798; baseline -0.007 -26"><span class='ocrx_word' id='word_1_164' title='bbox 226 2705 286 2772; x_wconf 91' lang='lat' dir='ltr'><strong>IX.</strong></span> <span class='ocrx_word' id='word_1_165' title='bbox 305 2703 419 2798; x_wconf 87' lang='lat' dir='ltr'><strong>Hujus</strong></span> <span class='ocrx_word' id='word_1_166' title='bbox 439 2716 557 2772; x_wconf 88' lang='lat' dir='ltr'><strong>morte</strong></span> <span class='ocrx_word' id='word_1_167' title='bbox 577 2701 684 2771; x_wconf 91' lang='lat' dir='ltr'><strong>etiam</strong></span> <span class='ocrx_word' id='word_1_168' title='bbox 704 2697 981 2770; x_wconf 86' lang='lat' dir='ltr'><strong>Atheniensium</strong></span> <span class='ocrx_word' id='word_1_169' title='bbox 999 2695 1114 2766; x_wconf 89' lang='lat' dir='ltr'><strong>virtus</strong></span> <span class='ocrx_word' id='word_1_170' title='bbox 1131 2696 1271 2766; x_wconf 88' lang='lat' dir='ltr'><strong>inter-1</strong></span> 
     </span>
     <span class='ocr_line' id='line_1_23' title="bbox 179 2808 1272 2910; baseline -0.005 -28"><span class='ocrx_word' id='word_1_171' title='bbox 179 2812 275 2883; x_wconf 89' lang='lat' dir='ltr'><strong>cidit.</strong></span> <span class='ocrx_word' id='word_1_172' title='bbox 291 2812 475 2910; x_wconf 90' lang='lat' dir='ltr'><strong>Siquidem</strong></span> <span class='ocrx_word' id='word_1_173' title='bbox 491 2815 642 2901; x_wconf 87' lang='lat' dir='ltr'><strong>amisso,</strong></span> <span class='ocrx_word' id='word_1_174' title='bbox 656 2813 715 2882; x_wconf 90' lang='lat' dir='ltr'><strong>cui</strong></span> <span class='ocrx_word' id='word_1_175' title='bbox 732 2809 892 2881; x_wconf 61' lang='lat' dir='ltr'><strong>aemulari</strong></span> <span class='ocrx_word' id='word_1_176' title='bbox 911 2821 1192 2894; x_wconf 87' lang='lat' dir='ltr'><strong>consueverant,</strong></span> <span class='ocrx_word' id='word_1_177' title='bbox 1204 2808 1272 2876; x_wconf 70' lang='lat' dir='ltr'><strong>ina</strong></span> 
     </span>
     <span class='ocr_line' id='line_1_24' title="bbox 179 2914 1274 3023; baseline -0.007 -29"><span class='ocrx_word' id='word_1_178' title='bbox 179 2925 366 3019; x_wconf 85' lang='lat' dir='ltr'><strong>segnitiam</strong></span> <span class='ocrx_word' id='word_1_179' title='bbox 394 2939 652 3023; x_wconf 90' lang='lat' dir='ltr'><strong>torporemque</strong></span> <span class='ocrx_word' id='word_1_180' title='bbox 683 2921 852 3006; x_wconf 88' lang='lat' dir='ltr'><strong>resoluti,</strong></span> <span class='ocrx_word' id='word_1_181' title='bbox 879 2945 978 3005; x_wconf 93' lang='lat' dir='ltr'><strong>non,</strong></span> <span class='ocrx_word' id='word_1_182' title='bbox 1001 2931 1042 2987; x_wconf 89' lang='lat' dir='ltr'><strong>ut</strong></span> <span class='ocrx_word' id='word_1_183' title='bbox 1071 2914 1179 3005; x_wconf 92' lang='lat' dir='ltr'><strong>olim,</strong></span> <span class='ocrx_word' id='word_1_184' title='bbox 1204 2918 1274 2987; x_wconf 68' lang='lat' dir='ltr'><strong>int</strong></span> 
     </span>
    </p>
   </div>
   <div class='ocr_carea' id='block_1_4' title="bbox 174 3131 1249 4229">
    <p class='ocr_par' dir='ltr' id='par_1_5' title="bbox 174 3131 1249 4229">
     <span class='ocr_line' id='line_1_25' title="bbox 178 3131 1244 3205; baseline 0.002 -20"><span class='ocrx_word' id='word_1_185' title='bbox 178 3131 285 3202; x_wconf 74' lang='lat' dir='ltr'><strong>Argivis</strong></span> <span class='ocrx_word' id='word_1_186' title='bbox 298 3143 324 3184; x_wconf 84' lang='lat' dir='ltr'><strong>et</strong></span> <span class='ocrx_word' id='word_1_187' title='bbox 336 3131 466 3203; x_wconf 76' lang='lat' dir='ltr'><strong>Epigonis</strong></span> <span class='ocrx_word' id='word_1_188' title='bbox 478 3146 565 3204; x_wconf 81' lang='lat' dir='ltr'><strong>gesta,</strong></span> <span class='ocrx_word' id='word_1_189' title='bbox 577 3135 609 3205; x_wconf 85' lang='lat'><strong>37</strong></span> <span class='ocrx_word' id='word_1_190' title='bbox 621 3147 646 3187; x_wconf 92' lang='lat' dir='ltr'><strong>et</strong></span> <span class='ocrx_word' id='word_1_191' title='bbox 659 3155 690 3204; x_wconf 78' lang='lat'><strong>27</strong></span> <span class='ocrx_word' id='word_1_192' title='bbox 768 3155 793 3205; x_wconf 88' lang='lat'><strong>9.</strong></span> <span class='ocrx_word' id='word_1_193' title='bbox 805 3142 859 3187; x_wconf 78' lang='lat' dir='ltr'><strong>Iam</strong></span> <span class='ocrx_word' id='word_1_194' title='bbox 873 3135 995 3186; x_wconf 70' lang='lat' dir='ltr'><strong>litaturum</strong></span> <span class='ocrx_word' id='word_1_195' title='bbox 1007 3146 1058 3187; x_wconf 83' lang='lat' dir='ltr'><strong>etc.</strong></span> <span class='ocrx_word' id='word_1_196' title='bbox 1071 3133 1149 3187; x_wconf 85' lang='lat' dir='ltr'><strong>cont.</strong></span> <span class='ocrx_word' id='word_1_197' title='bbox 1163 3135 1244 3187; x_wconf 87' lang='lat' dir='ltr'><strong>Corn.</strong></span> 
     </span>
     <span class='ocr_line' id='line_1_26' title="bbox 180 3211 1050 3284; baseline 0 -22"><span class='ocrx_word' id='word_1_198' title='bbox 180 3211 255 3263; x_wconf 81' lang='lat' dir='ltr'><strong>annis</strong></span> <span class='ocrx_word' id='word_1_199' title='bbox 274 3223 333 3262; x_wconf 81' lang='lat' dir='ltr'><strong>ante</strong></span> <span class='ocrx_word' id='word_1_200' title='bbox 350 3211 505 3282; x_wconf 81' lang='lat' dir='ltr'><strong>Trojanum.</strong></span> <span class='ocrx_word' id='word_1_201' title='bbox 521 3245 553 3253; x_wconf 94' lang='lat'>-</span> <span class='ocrx_word' id='word_1_202' title='bbox 573 3218 691 3266; x_wconf 66' lang='lat' dir='ltr'><strong>Patriae...</strong></span> <span class='ocrx_word' id='word_1_203' title='bbox 732 3213 761 3265; x_wconf 91' lang='lat' dir='ltr'><strong>in</strong></span> <span class='ocrx_word' id='word_1_204' title='bbox 775 3213 827 3267; x_wconf 81' lang='lat' dir='ltr'><strong>sits</strong></span> <span class='ocrx_word' id='word_1_205' title='bbox 839 3231 896 3284; x_wconf 84' lang='lat' dir='ltr'><strong>cap.</strong></span> <span class='ocrx_word' id='word_1_206' title='bbox 912 3233 941 3277; x_wconf 81' lang='lat' dir='ltr'><strong>s,</strong></span> <span class='ocrx_word' id='word_1_207' title='bbox 957 3215 971 3264; x_wconf 86' lang='lat'><strong>5</strong></span> <span class='ocrx_word' id='word_1_208' title='bbox 985 3223 1011 3263; x_wconf 88' lang='lat' dir='ltr'><strong>et</strong></span> <span class='ocrx_word' id='word_1_209' title='bbox 1024 3214 1050 3263; x_wconf 92' lang='lat'><strong>6.</strong></span> 
     </span>
     <span class='ocr_line' id='line_1_27' title="bbox 174 3287 1247 3361; baseline -0.002 -20"><span class='ocrx_word' id='word_1_210' title='bbox 174 3291 261 3356; x_wconf 75' lang='lat' dir='ltr'><strong>scisse.</strong></span> <span class='ocrx_word' id='word_1_211' title='bbox 267 3288 341 3341; x_wconf 88' lang='lat' dir='ltr'><strong>Idem</strong></span> <span class='ocrx_word' id='word_1_212' title='bbox 344 3288 446 3361; x_wconf 85' lang='lat' dir='ltr'><strong>judicat</strong></span> <span class='ocrx_word' id='word_1_213' title='bbox 454 3289 535 3342; x_wconf 87' lang='lat' dir='ltr'><strong>Corn.</strong></span> <span class='ocrx_word' id='word_1_214' title='bbox 545 3289 607 3355; x_wconf 83' lang='lat' dir='ltr'><strong>XV,</strong></span> <span class='ocrx_word' id='word_1_215' title='bbox 619 3311 660 3356; x_wconf 89' lang='grc' dir='ltr'><strong>ιο,</strong></span> <span class='ocrx_word' id='word_1_216' title='bbox 667 3299 691 3355; x_wconf 73' lang='grc'><strong>4.</strong></span> <span class='ocrx_word' id='word_1_217' title='bbox 769 3292 817 3344; x_wconf 83' lang='grc' dir='ltr'><strong>ΙΧ.</strong></span> <span class='ocrx_word' id='word_1_218' title='bbox 831 3310 855 3344; x_wconf 89' lang='lat' dir='ltr'><strong>r.</strong></span> <span class='ocrx_word' id='word_1_219' title='bbox 869 3293 947 3361; x_wconf 81' lang='lat' dir='ltr'><strong>Hujus</strong></span> <span class='ocrx_word' id='word_1_220' title='bbox 961 3301 1035 3340; x_wconf 76' lang='lat' dir='ltr'><strong>morte</strong></span> <span class='ocrx_word' id='word_1_221' title='bbox 1045 3299 1095 3339; x_wconf 86' lang='lat' dir='ltr'><strong>etc.</strong></span> <span class='ocrx_word' id='word_1_222' title='bbox 1107 3287 1247 3359; x_wconf 81' lang='lat' dir='ltr'><strong>Hyperbo-</strong></span> 
     </span>
     <span class='ocr_line' id='line_1_28' title="bbox 216 3364 1245 3440; baseline -0.005 -18"><span class='ocrx_word' id='word_1_223' title='bbox 216 3369 241 3422; x_wconf 75' lang='grc' dir='ltr'><strong>ὅ.</strong></span> <span class='ocrx_word' id='word_1_224' title='bbox 252 3375 316 3421; x_wconf 84' lang='lat' dir='ltr'><strong>Nam</strong></span> <span class='ocrx_word' id='word_1_225' title='bbox 324 3381 349 3420; x_wconf 87' lang='lat' dir='ltr'><strong>et</strong></span> <span class='ocrx_word' id='word_1_226' title='bbox 356 3372 475 3440; x_wconf 79' lang='lat' dir='ltr'><strong>imperium</strong></span> <span class='ocrx_word' id='word_1_227' title='bbox 486 3381 535 3422; x_wconf 86' lang='lat' dir='ltr'><strong>etc.</strong></span> <span class='ocrx_word' id='word_1_228' title='bbox 544 3369 627 3434; x_wconf 71' lang='lat' dir='ltr'><strong>Bone,</strong></span> <span class='ocrx_word' id='word_1_229' title='bbox 638 3389 693 3423; x_wconf 91' lang='lat' dir='ltr'><strong>non</strong></span> <span class='ocrx_word' id='word_1_230' title='bbox 732 3368 783 3422; x_wconf 86' lang='lat' dir='ltr'><strong>lice</strong></span> <span class='ocrx_word' id='word_1_231' title='bbox 799 3371 868 3434; x_wconf 90' lang='lat' dir='ltr'><strong>hoc,</strong></span> <span class='ocrx_word' id='word_1_232' title='bbox 882 3382 1004 3440; x_wconf 87' lang='lat' dir='ltr'><strong>utsupra</strong></span> <span class='ocrx_word' id='word_1_233' title='bbox 1017 3385 1075 3438; x_wconf 85' lang='lat' dir='ltr'><strong>cap.</strong></span> <span class='ocrx_word' id='word_1_234' title='bbox 1091 3366 1124 3431; x_wconf 81' lang='lat'><strong>8,</strong></span> <span class='ocrx_word' id='word_1_235' title='bbox 1138 3367 1171 3429; x_wconf 83' lang='lat'><strong>3,</strong></span> <span class='ocrx_word' id='word_1_236' title='bbox 1189 3364 1245 3417; x_wconf 92' lang='lat' dir='ltr'><strong>dic·</strong></span> 
     </span>
     <span class='ocr_line' id='line_1_29' title="bbox 180 3443 1246 3521; baseline -0.007 -19"><span class='ocrx_word' id='word_1_237' title='bbox 180 3462 210 3502; x_wconf 90' lang='lat' dir='ltr'><strong>ut</strong></span> <span class='ocrx_word' id='word_1_238' title='bbox 228 3448 317 3520; x_wconf 86' lang='lat' dir='ltr'><strong>plures</strong></span> <span class='ocrx_word' id='word_1_239' title='bbox 333 3445 413 3502; x_wconf 88' lang='lat' dir='ltr'><strong>codd.</strong></span> <span class='ocrx_word' id='word_1_240' title='bbox 430 3453 515 3504; x_wconf 85' lang='lat' dir='ltr'><strong>:Num</strong></span> <span class='ocrx_word' id='word_1_241' title='bbox 534 3461 558 3500; x_wconf 84' lang='lat' dir='ltr'><strong>et</strong></span> <span class='ocrx_word' id='word_1_242' title='bbox 573 3453 693 3521; x_wconf 83' lang='lat' dir='ltr'><strong>imperium</strong></span> <span class='ocrx_word' id='word_1_243' title='bbox 733 3460 791 3500; x_wconf 87' lang='lat' dir='ltr'><strong>tum</strong></span> <span class='ocrx_word' id='word_1_244' title='bbox 804 3466 875 3510; x_wconf 85' lang='lat' dir='ltr'><strong>esse,</strong></span> <span class='ocrx_word' id='word_1_245' title='bbox 887 3448 1029 3518; x_wconf 81' lang='lat' dir='ltr'><strong>insequens</strong></span> <span class='ocrx_word' id='word_1_246' title='bbox 1044 3444 1152 3496; x_wconf 82' lang='lat' dir='ltr'><strong>historia</strong></span> <span class='ocrx_word' id='word_1_247' title='bbox 1166 3443 1246 3495; x_wconf 76' lang='lat' dir='ltr'><strong>Athe-</strong></span> 
     </span>
     <span class='ocr_line' id='line_1_30' title="bbox 179 3521 1247 3601; baseline -0.006 -21"><span class='ocrx_word' id='word_1_248' title='bbox 179 3548 229 3580; x_wconf 81' lang='lat' dir='ltr'><strong>non</strong></span> <span class='ocrx_word' id='word_1_249' title='bbox 239 3527 285 3579; x_wconf 76' lang='lat' dir='ltr'><strong>sthi</strong></span> <span class='ocrx_word' id='word_1_250' title='bbox 297 3547 400 3600; x_wconf 75' lang='lat' dir='ltr'><strong>suuper,</strong></span> <span class='ocrx_word' id='word_1_251' title='bbox 416 3527 463 3578; x_wconf 83' lang='lat' dir='ltr'><strong>sed</strong></span> <span class='ocrx_word' id='word_1_252' title='bbox 470 3531 560 3600; x_wconf 81' lang='lat' dir='ltr'><strong>putrioe</strong></span> <span class='ocrx_word' id='word_1_253' title='bbox 573 3531 692 3601; x_wconf 71' lang='lat' dir='ltr'><strong>quesivit,</strong></span> <span class='ocrx_word' id='word_1_254' title='bbox 734 3545 829 3579; x_wconf 82' lang='lat' dir='ltr'><strong>narum</strong></span> <span class='ocrx_word' id='word_1_255' title='bbox 840 3523 973 3588; x_wconf 86' lang='lat' dir='ltr'><strong>ostendit,</strong></span> <span class='ocrx_word' id='word_1_256' title='bbox 984 3524 1013 3575; x_wconf 92' lang='lat' dir='ltr'><strong>iu</strong></span> <span class='ocrx_word' id='word_1_257' title='bbox 1024 3541 1076 3594; x_wconf 81' lang='lat' dir='ltr'><strong>qua</strong></span> <span class='ocrx_word' id='word_1_258' title='bbox 1088 3521 1247 3594; x_wconf 83' lang='lat' dir='ltr'><strong>Iphicrates,</strong></span> 
     </span>
     <span class='ocr_line' id='line_1_31' title="bbox 178 3599 1248 3683; baseline -0.005 -24"><span class='ocrx_word' id='word_1_259' title='bbox 178 3608 231 3660; x_wconf 81' lang='lat' dir='ltr'><strong>alio</strong></span> <span class='ocrx_word' id='word_1_260' title='bbox 244 3623 352 3679; x_wconf 85' lang='lat' dir='ltr'><strong>prorsus</strong></span> <span class='ocrx_word' id='word_1_261' title='bbox 362 3619 389 3659; x_wconf 85' lang='lat' dir='ltr'><strong>et</strong></span> <span class='ocrx_word' id='word_1_262' title='bbox 399 3605 468 3658; x_wconf 85' lang='lat' dir='ltr'><strong>malo</strong></span> <span class='ocrx_word' id='word_1_263' title='bbox 483 3623 569 3658; x_wconf 86' lang='lat' dir='ltr'><strong>sensu.</strong></span> <span class='ocrx_word' id='word_1_264' title='bbox 582 3625 626 3658; x_wconf 81' lang='lat' dir='ltr'><strong>ru.</strong></span> <span class='ocrx_word' id='word_1_265' title='bbox 735 3605 880 3668; x_wconf 82' lang='lat' dir='ltr'><strong>Chabrias,</strong></span> <span class='ocrx_word' id='word_1_266' title='bbox 904 3603 1061 3655; x_wconf 82' lang='lat' dir='ltr'><strong>Timotheus</strong></span> <span class='ocrx_word' id='word_1_267' title='bbox 1081 3611 1110 3654; x_wconf 86' lang='lat' dir='ltr'><strong>et</strong></span> <span class='ocrx_word' id='word_1_268' title='bbox 1127 3599 1248 3683; x_wconf 77' lang='lat' dir='ltr'><strong>Phocion</strong></span> 
     </span>
     <span class='ocr_line' id='line_1_32' title="bbox 214 3682 884 3757; baseline -0.003 -21"><span class='ocrx_word' id='word_1_269' title='bbox 214 3703 239 3755; x_wconf 88' lang='lat'><strong>7.</strong></span> <span class='ocrx_word' id='word_1_270' title='bbox 250 3688 406 3736; x_wconf 70' lang='lat' dir='ltr'><strong>decussati...</strong></span> <span class='ocrx_word' id='word_1_271' title='bbox 417 3695 480 3736; x_wconf 82' lang='lat' dir='ltr'><strong>suut.</strong></span> <span class='ocrx_word' id='word_1_272' title='bbox 491 3683 572 3750; x_wconf 91' lang='lat' dir='ltr'><strong>Quod</strong></span> <span class='ocrx_word' id='word_1_273' title='bbox 583 3685 627 3737; x_wconf 80' lang='lat' dir='ltr'><strong>vel</strong></span> <span class='ocrx_word' id='word_1_274' title='bbox 638 3703 693 3738; x_wconf 89' lang='lat' dir='ltr'><strong>uno</strong></span> <span class='ocrx_word' id='word_1_275' title='bbox 735 3682 884 3757; x_wconf 81' lang='lat' dir='ltr'><strong>splendent.</strong></span> 
     </span>
     <span class='ocr_line' id='line_1_33' title="bbox 179 3757 1249 3835; baseline -0.004 -19"><span class='ocrx_word' id='word_1_276' title='bbox 179 3764 226 3816; x_wconf 88' lang='lat' dir='ltr'><strong>illo</strong></span> <span class='ocrx_word' id='word_1_277' title='bbox 247 3763 390 3828; x_wconf 78' lang='lat' dir='ltr'><strong>refellitur,</strong></span> <span class='ocrx_word' id='word_1_278' title='bbox 411 3761 485 3835; x_wconf 90' lang='lat' dir='ltr'><strong>quod</strong></span> <span class='ocrx_word' id='word_1_279' title='bbox 505 3777 695 3817; x_wconf 83' lang='lat' dir='ltr'><strong>commemorat</strong></span> <span class='ocrx_word' id='word_1_280' title='bbox 771 3783 796 3815; x_wconf 79' lang='lat' dir='ltr'><strong>s.</strong></span> <span class='ocrx_word' id='word_1_281' title='bbox 812 3766 919 3823; x_wconf 81' lang='lat' dir='ltr'><strong>Ams&#39;sso,</strong></span> <span class='ocrx_word' id='word_1_282' title='bbox 935 3761 975 3812; x_wconf 86' lang='lat' dir='ltr'><strong>cui</strong></span> <span class='ocrx_word' id='word_1_283' title='bbox 990 3757 1105 3810; x_wconf 68' lang='lat' dir='ltr'><strong>emulari.</strong></span> <span class='ocrx_word' id='word_1_284' title='bbox 1119 3757 1171 3809; x_wconf 77' lang='lat' dir='ltr'><strong>Alii</strong></span> <span class='ocrx_word' id='word_1_285' title='bbox 1186 3757 1249 3812; x_wconf 87' lang='lat' dir='ltr'><strong>libri</strong></span> 
     </span>
     <span class='ocr_line' id='line_1_34' title="bbox 179 3836 1247 3915; baseline -0.004 -21"><span class='ocrx_word' id='word_1_286' title='bbox 179 3841 287 3894; x_wconf 89' lang='lat' dir='ltr'><strong>Cornel.</strong></span> <span class='ocrx_word' id='word_1_287' title='bbox 301 3839 364 3906; x_wconf 85' lang='lat' dir='ltr'><strong>XV,</strong></span> <span class='ocrx_word' id='word_1_288' title='bbox 378 3859 409 3912; x_wconf 90' lang='lat'><strong>7,</strong></span> <span class='ocrx_word' id='word_1_289' title='bbox 426 3841 450 3894; x_wconf 82' lang='lat'><strong>3.</strong></span> <span class='ocrx_word' id='word_1_290' title='bbox 734 3861 803 3915; x_wconf 76' lang='lat' dir='ltr'><strong>quem</strong></span> <span class='ocrx_word' id='word_1_291' title='bbox 814 3840 928 3893; x_wconf 77' lang='lat' dir='ltr'><strong>aemuluri.</strong></span> <span class='ocrx_word' id='word_1_292' title='bbox 943 3839 977 3891; x_wconf 83' lang='lat' dir='ltr'><strong>Et</strong></span> <span class='ocrx_word' id='word_1_293' title='bbox 990 3849 1104 3910; x_wconf 84' lang='lat' dir='ltr'><strong>utroque</strong></span> <span class='ocrx_word' id='word_1_294' title='bbox 1114 3836 1196 3890; x_wconf 88' lang='lat' dir='ltr'><strong>modo</strong></span> <span class='ocrx_word' id='word_1_295' title='bbox 1206 3838 1247 3890; x_wconf 90' lang='lat' dir='ltr'><strong>lo·</strong></span> 
     </span>
     <span class='ocr_line' id='line_1_35' title="bbox 216 3916 1247 3992; baseline -0.007 -18"><span class='ocrx_word' id='word_1_296' title='bbox 216 3923 241 3974; x_wconf 79' lang='lat'><strong>8.</strong></span> <span class='ocrx_word' id='word_1_297' title='bbox 262 3927 295 3972; x_wconf 81' lang='lat' dir='ltr'><strong>Ut</strong></span> <span class='ocrx_word' id='word_1_298' title='bbox 310 3931 482 3972; x_wconf 78' lang='lat' dir='ltr'><strong>oruamentum.</strong></span> <span class='ocrx_word' id='word_1_299' title='bbox 502 3921 540 3976; x_wconf 89' lang='lat' dir='ltr'><strong>Ut</strong></span> <span class='ocrx_word' id='word_1_300' title='bbox 559 3919 694 3974; x_wconf 85' lang='lat' dir='ltr'><strong>videretur</strong></span> <span class='ocrx_word' id='word_1_301' title='bbox 734 3921 825 3992; x_wconf 87' lang='lat' dir='ltr'><strong>quitur</strong></span> <span class='ocrx_word' id='word_1_302' title='bbox 835 3919 929 3972; x_wconf 83' lang='lat' dir='ltr'><strong>Cicero</strong></span> <span class='ocrx_word' id='word_1_303' title='bbox 942 3937 952 3976; x_wconf 75' lang='lat' dir='ltr'><strong>t</strong></span> <span class='ocrx_word' id='word_1_304' title='bbox 966 3916 1028 3980; x_wconf 87' lang='lat' dir='ltr'><strong>illo,</strong></span> <span class='ocrx_word' id='word_1_305' title='bbox 1040 3917 1183 3969; x_wconf 86' lang='lat' dir='ltr'><strong>Tusculan.</strong></span> <span class='ocrx_word' id='word_1_306' title='bbox 1199 3917 1247 3981; x_wconf 92' lang='lat'><strong>11,</strong></span> 
     </span>
     <span class='ocr_line' id='line_1_36' title="bbox 179 3995 1248 4072; baseline -0.005 -20"><span class='ocrx_word' id='word_1_307' title='bbox 179 3997 245 4052; x_wconf 86' lang='lat' dir='ltr'><strong>dare</strong></span> <span class='ocrx_word' id='word_1_308' title='bbox 264 4002 479 4070; x_wconf 76' lang='lat' dir='ltr'><strong>(ornamentum)</strong></span> <span class='ocrx_word' id='word_1_309' title='bbox 499 3999 550 4072; x_wconf 89' lang='lat' dir='ltr'><strong>ipsi</strong></span> <span class='ocrx_word' id='word_1_310' title='bbox 571 3998 694 4072; x_wconf 81' lang='lat' dir='ltr'><strong>dignitati</strong></span> <span class='ocrx_word' id='word_1_311' title='bbox 734 3998 877 4070; x_wconf 86' lang='lat' dir='ltr'><strong>inquiens:</strong></span> <span class='ocrx_word' id='word_1_312' title='bbox 893 3995 1031 4048; x_wconf 80' lang='lat' dir='ltr'><strong>obtrectare</strong></span> <span class='ocrx_word' id='word_1_313' title='bbox 1044 3995 1127 4058; x_wconf 80' lang='lat' dir='ltr'><strong>alteri,</strong></span> <span class='ocrx_word' id='word_1_314' title='bbox 1147 4006 1191 4046; x_wconf 82' lang='lat' dir='ltr'><strong>aut</strong></span> <span class='ocrx_word' id='word_1_315' title='bbox 1205 3995 1248 4047; x_wconf 73' lang='lat' dir='ltr'><strong>itta</strong></span> 
     </span>
     <span class='ocr_line' id='line_1_37' title="bbox 181 4075 1247 4148; baseline -0.005 -18"><span class='ocrx_word' id='word_1_316' title='bbox 181 4077 369 4148; x_wconf 83' lang='lat' dir='ltr'><strong>(honoribus).</strong></span> <span class='ocrx_word' id='word_1_317' title='bbox 394 4075 501 4131; x_wconf 75' lang='lat' dir='ltr'><strong>Atridet</strong></span> <span class='ocrx_word' id='word_1_318' title='bbox 521 4089 610 4131; x_wconf 86' lang='lat' dir='ltr'><strong>tamen</strong></span> <span class='ocrx_word' id='word_1_319' title='bbox 631 4077 692 4131; x_wconf 89' lang='lat' dir='ltr'><strong>cod.</strong></span> <span class='ocrx_word' id='word_1_320' title='bbox 733 4081 823 4130; x_wconf 76' lang='lat' dir='ltr'><strong>uitiosa</strong></span> <span class='ocrx_word' id='word_1_321' title='bbox 838 4077 1003 4139; x_wconf 70' lang='lat' dir='ltr'><strong>amulutshue,</strong></span> <span class='ocrx_word' id='word_1_322' title='bbox 1018 4093 1072 4148; x_wconf 84' lang='lat' dir='ltr'><strong>quoe</strong></span> <span class='ocrx_word' id='word_1_323' title='bbox 1081 4075 1247 4126; x_wconf 74' lang='lat' dir='ltr'><strong>rimlitatisss&#39;·</strong></span> 
     </span>
     <span class='ocr_line' id='line_1_38' title="bbox 182 4153 1246 4229; baseline -0.001 -23"><span class='ocrx_word' id='word_1_324' title='bbox 182 4153 260 4208; x_wconf 82' lang='lat' dir='ltr'><strong>lectio</strong></span> <span class='ocrx_word' id='word_1_325' title='bbox 272 4173 278 4208; x_wconf 93' lang='lat'><strong>:</strong></span> <span class='ocrx_word' id='word_1_326' title='bbox 289 4159 345 4228; x_wconf 62' lang='lat' dir='ltr'><strong>{osis</strong></span> <span class='ocrx_word' id='word_1_327' title='bbox 359 4156 531 4226; x_wconf 83' lang='lat' dir='ltr'><strong>(honoribus)</strong></span> <span class='ocrx_word' id='word_1_328' title='bbox 542 4155 692 4228; x_wconf 69' lang='lat' dir='ltr'><strong>dignitatem.</strong></span> <span class='ocrx_word' id='word_1_329' title='bbox 734 4157 797 4212; x_wconf 66' lang='lat' dir='ltr'><strong>ndu</strong></span> <span class='ocrx_word' id='word_1_330' title='bbox 807 4169 854 4223; x_wconf 82' lang='lat' dir='ltr'><strong>est,</strong></span> <span class='ocrx_word' id='word_1_331' title='bbox 867 4153 987 4221; x_wconf 72' lang='lat' dir='ltr'><strong>emulari,</strong></span> <span class='ocrx_word' id='word_1_332' title='bbox 1001 4155 1062 4229; x_wconf 79' lang='lat' dir='ltr'><strong>quid</strong></span> <span class='ocrx_word' id='word_1_333' title='bbox 1072 4155 1146 4210; x_wconf 69' lang='lat' dir='ltr'><strong>tates</strong></span> <span class='ocrx_word' id='word_1_334' title='bbox 1156 4153 1246 4206; x_wconf 77' lang='lat' dir='ltr'><strong>utilita-</strong></span> 
     </span>
    </p>
   </div>
   <div class='ocr_carea' id='block_1_5' title="bbox 0 0 1488 4684">
    <p class='ocr_par' dir='ltr' id='par_1_6' title="bbox 0 0 1488 4684">
     <span class='ocr_line' id='line_1_39' title="bbox 0 0 1488 4684; baseline 0 0"><span class='ocrx_word' id='word_1_335' title='bbox 0 0 1488 4684; x_wconf 95' lang='lat' dir='ltr'><strong> </strong></span> 
     </span>
    </p>
   </div>
  </div>
 </body>
</html>
