2967 4684
281 401 324 466 36
612 398 1001 466 PROLEGOMENA

278 519 356 586 Gar.
372 517 433 584 111.
450 515 576 605 Scythas
592 518 655 605 ipsi
670 516 747 582 duri
764 516 918 604 belloque
934 515 1050 598 fortes,
1065 515 1218 582 Sesostris
1237 521 1345 584 ricto·

322 643 391 701 res,
403 619 509 683 Asiam
521 635 634 682 tenent
649 618 712 683 sibi
728 617 921 707 vectigalem
935 641 993 707 per
1007 641 1111 684 annos
1131 616 1225 685 1500.
1238 624 1276 685 A.
1294 623 1342 686 M.

278 719 559 902 Οιῗῗῗῐῖῗὸἓζὴίε
576 837 655 886 ortae
672 822 845 886 Auiznrns
860 822 896 884 in
909 821 1113 911 Cappadocia
1126 843 1257 912 magnas
1272 847 1342 907 res,

322 939 355 989 et
371 923 404 988 in
421 924 494 997 Asia
506 939 540 988 ct
552 924 586 986 in
600 924 749 1011 Europa,
762 945 889 1013 gessere
901 923 944 988 ad
955 924 1177 990 Alexandrum
1192 949 1309 1014 usque.

246 1101 255 1116 ,
277 1042 353 1105 Gir.
367 1041 407 1105 V.
425 1038 552 1130 Scythae
572 1039 633 1127 ipsi
653 1062 762 1104 servos
782 1062 857 1104 suos
873 1041 1028 1124 vincunt,
1048 1024 1185 1105 Darium
1201 1043 1343 1130 (respice

321 1140 355 1222 I,
373 1137 425 1226 ro)
439 1139 558 1203 frustra
567 1138 658 1202 abire
668 1155 792 1228 cogunt
805 1139 855 1228 (A.
864 1139 906 1203 U.
920 1137 997 1226 241)
1012 1162 1020 1203 ε
1034 1139 1092 1226 qui
1102 1137 1181 1203 hinc
1191 1140 1342 1228 trepidus

321 1243 425 1330 quum
441 1242 634 1332 aufugisset,
652 1240 879 1306 Macedoniam
896 1241 1009 1306 domat
1026 1257 1060 1308 et
1079 1241 1197 1323 lonas,
1218 1242 1341 1328 quibus

321 1346 519 1409 auxiliantur
535 1343 758 1408 Athenienses.
773 1346 809 1408 A.
823 1344 863 1408 U.
882 1348 958 1423 ada.
1031 1392 1033 1395 -

160 1452 163 1458 '
275 1448 356 1513 (lar.
373 1448 430 1512 VI.
451 1446 635 1536 Exponitur
650 1443 692 1510 de
709 1444 957 1511 Atheniensium
976 1445 1121 1533 origine,
1141 1443 1266 1510 artibus
1280 1468 1342 1535 per

321 1549 382 1616 h'os
396 1551 536 1616 inventis
549 1565 586 1613 et
602 1547 758 1629 excultis,
771 1547 986 1636 agricultura,
1003 1546 1122 1627 literis,
1136 1546 1341 1635 eloquentia,

320 1653 465 1741 legibus3
490 1647 688 1738 de'regibus
716 1650 884 1737 Cecrope,
907 1649 1054 1730 Cranao,
1077 1647 1341 1736 Amphictyone,

319 1755 524 1836 Erechtheo,
543 1753 669 1842 AEgeo,
688 1753 835 1835 Tlreseo,
855 1751 1131 1842 Demophoonta,
1152 1749 1263 1815 Codro
1288 1750 1340 1815 ul·

310 1849 413 1920 timo.
431 1859 468 1920 A.
484 1857 530 1920 M.
547 1855 751 1943 πφδ-9913.

260 1991 264 1996 ·
276 1969 353 2033 Car.
364 1968 535 2033 vlt-'vlit
545 1970 596 2033 Ab
608 1969 688 2034 binc
697 1971 810 2035 civitas
822 1990 1043 2036 ancnonrtsns
1051 1969 1221 2034 commissa
1231 1968 1283 2057 (A.
1292 1967 1338 2032 M.

322 2072 428 2161 3390)
443 2072 530 2161 leges
543 2074 669 2162 accepit
685 2096 703 2137 a
723 2073 860 2155 Solone,
881 2076 953 2138 viro
969 2071 1206 2163 sapientissimo
1227 2070 1282 2158 (A.
1298 2069 1339 2134 U.

324 2174 417 2260 160):
430 2176 487 2263 qui
500 2175 694 2240 Salaminem
707 2177 834 2242 civibus
848 2177 914 2241 suis
926 2175 1103 2240 vindicavit
1114 2188 1259 2263 ereptam
1271 2173 1341 2236 Me·

320 2296 415 2365 garae,
424 2299 521 2364 quam
533 2276 611 2342 dolo
623 2279 702 2342 vicit
714 2278 914 2361 Pisistratus,
926 2280 984 2368 qni
996 2277 1108 2368 paullo
1119 2292 1197 2365 post
1202 2274 1341 2365 patriam

318 2376 495 2466 tyrannide
509 2379 682 2466 oppressit.
697 2380 734 2442 A.
751 2380 792 2444 U.
814 2379 970 2469 195·227.
1039 2409 1043 2412 ·

276 2477 353 2540 Car.
365 2480 424 2541 tx.
440 2478 544 2558 Hujus
560 2477 704 2542 liliorum
719 2479 823 2544 altero
834 2480 1008 2545 interfecto
1026 2481 1076 2570 (A.
1092 2479 1132 2542 U.
1149 2479 1244 2566 adr),
1260 2479 1342 2543 alter

320 2581 355 2642 in
382 2579 528 2642 exsilium
555 2579 667 2664 pulsus
692 2580 832 2644 solicitat
860 2583 895 2644 in
916 2580 1056 2668 patriam
1079 2582 1192 2644 Persas
1215 2581 1272 2667 (A.
1298 2581 1339 2645 U.

321 2676 421 2764 245):
436 2700 579 2763 qnorum
595 2699 653 2742 rex
663 2675 781 2742 itarius
796 2680 934 2768 (respice
948 2703 1018 2769 cap.
1036 2679 1074 2761 5,
1095 2679 1148 2768 13)
1159 2705 1179 2744 a
1191 2681 1343 2748 Miltiade

321 2781 356 2841 in
372 2791 488 2864 campo
503 2778 711 2843 Marathonio
725 2779 872 2844 caeditur.
889 2783 927 2844 A.
945 2781 986 2844 U.
1003 2780 1078 2858 add.

275 2893 689 2974 Csr.ll.Hujussuccesscr
700 2894 837 2975 Xerxes,
849 2894 1015 2958 immensis
1026 2894 1129 2984 copiis
1140 2910 1172 2960 et
1183 2893 1342 2985 pedestri·
1420 2905 1423 2908 ’

319 2995 381 3058 bus
393 3011 426 3058 et
436 2995 605 3058 navalibus
619 2995 812 3079 instructus,
828 2995 953 3061 bellum
969 3019 988 3060 a
1004 3013 1096 3088 patre
1112 2997 1175 3063 sibi
1189 2998 1343 3063 relietum

322 3115 468 3162 renovat.
487 3100 527 3162 A.
535 3097 578 3161 U.
596 3099 670 3164 268.

275 3213 352 3278 Car.
365 3213 521 3278 tit-xiv.
534 3203 723 3296 Leonidam,
735 3213 801 3279 600
813 3216 1046 3306 Spartanorum
1057 3215 1188 3295 ducem,
1198 3213 1343 3280 caeditad

319 3315 580 3406 Thermopylas,
603 3315 739 3406 Delphis
759 3318 903 3406 spoliatis
920 3316 974 3408 (A.
994 3319 1035 3382 U.
1054 3315 1156 3404 274),
1172 3313 1341 3405 Thespiis,

322 3419 447 3483 Plataeis
460 3435 493 3484 et
505 3417 639 3483 Athenis
651 3419 806 3500 incensis,
816 3421 960 3485 vincitur
975 3417 1053 3484 dolo
1070 3433 1103 3481 et
1115 3417 1238 3481 virtute
1253 3416 1343 3480 The·

322 3522 478 3586 mistoclis
493 3519 534 3585 ad
550 3521 708 3586 Salamina
725 3523 779 3611 (A.
801 3521 841 3586 U.
865 3521 946 3610 274)
958 3527 970 3604 ς’
987 3515 1163 3605 multisque
1185 3517 1342 3581 militibus

323 3638 357 3686 et
370 3621 454 3688 fame
471 3637 503 3687 et
518 3639 608 3710 peste
624 3624 764 3704 amissis,
778 3621 915 3689 creditur
929 3622 1018 3713 apud
1040 3616 1172 3686 Plataeas
1195 3619 1342 3702 Boeotiae,

324 3723 507 3812 eodemque
526 3724 579 3789 die
598 3726 685 3815 regia
705 3718 812 3790 classis
830 3727 975 3790 vincitur
991 3723 1034 3788 ad
1049 3722 1200 3811 Mycalen
1215 3722 1342 3786 lonioe:

323 3847 382 3887 rex
393 3827 463 3914 ipse
472 3825 601 3914 trepida
613 3827 689 3916 fuga
700 3827 839 3915 Abydon
854 3828 1003 3916 Phrygiae
1016 3825 1153 3906 trajicit,
1169 3823 1343 3888 Mandonio

325 3948 401 3990 cum
419 3925 562 4008 300,0oo
576 3929 734 3994 militibus
750 3929 784 3992 in
801 3929 926 3994 Graecia
941 3930 1065 3994 relicto.
1078 3930 1115 3992 A.
1131 3926 1173 3989 U.
1193 3924 1268 4013 275.
1329 3969 1332 3973 -

283 4042 360 4106 Car.
370 4041 442 4105 XV.
455 4041 802 4127 Athenienses'autem,
814 4067 957 4132 quorum
968 4043 1130 4134 praecipua
1137 4040 1170 4105 in
1180 4041 1246 4106 hoc
1253 4041 1344 4107 bello

328 4143 430 4232 gloria
440 4143 557 4226 iuerat,
569 4146 665 4210 sicuti
676 4147 905 4214 Themistoclis
913 4169 1040 4213 summa
1047 4144 1184 4234 (respice
1197 4167 1265 4232 cap.
1285 4147 1344 4224 ri,
