2967 4684
253 358 318 430 108
671 357 691 426 J
699 354 883 427 USTINI

203 516 237 551 ,ο
249 484 441 583 opinantes
463 474 679 577 adgreditur.
704 482 792 550 Duae
817 494 896 549 tum
920 501 1062 553 sorores
1085 484 1304 555 Amazonum

247 615 360 692 regna
383 584 606 677 tr'actabant,
627 592 787 687 Antiope,
806 602 843 660 et
867 588 1047 686 Orithya:
1070 591 1133 665 sed
1155 592 1305 692 Orithya

203 701 336 789 arforis
358 702 494 774 bellum
517 699 671 799 gerebat
695 702 809 797 Igitur
831 724 944 798 quum
965 702 1135 775 Hercules
1157 703 1203 775 ad
1221 705 1305 776 litus

249 820 469 887 Amazonum
489 811 675 912 applicuit,
689 807 903 907 infrequens
921 810 1115 884 multitudo
1133 838 1217 884 cum
1235 817 1306 885 An·

202 955 234 990 22
247 926 345 1021 tiopa
367 924 514 1022 regina,
537 920 629 991 nihil
655 919 785 992 hostile
818 934 1024 1009 metuente,
1048 937 1134 992 erat.
1161 924 1240 1012 Qua
1267 946 1306 994 re

247 1030 418 1105 effectum
442 1048 519 1122 est,
547 1047 589 1103 ut
612 1055 752 1131 paucae,
766 1032 961 1129 repentino
982 1030 1139 1102 tumultu
1162 1032 1307 1116 excitae,

244 1168 344 1215 arma
352 1140 781 1239 sumerent,lacilemque
791 1143 976 1213 victoriam
987 1140 1155 1214 hostibus
1166 1141 1305 1214 darent.

200 1252 366 1325 stMultae
391 1256 512 1352 itaque
539 1278 636 1326 caesae
660 1267 872 1351 captaeque:
897 1254 935 1347 in
959 1252 1021 1324 his¹
1041 1252 1120 1325 duae
1143 1253 1306 1351 Antiopae

245 1386 406 1454 sorores,
421 1364 628 1463 Menalippe
646 1361 692 1435 ab
709 1361 883 1452 Hercule,
905 1364 1099 1463 Hippolyte
1116 1388 1137 1435 a
1155 1362 1304 1435 Theseo.

197 1495 232 1553 aa
241 1473 313 1545 Sed
335 1474 511 1565 Theseus,
534 1473 684 1548 obtenta
709 1476 749 1545 in
772 1476 958 1574 praemium
975 1478 1135 1574 captiva,
1152 1474 1306 1546 eandem

242 1584 282 1654 in
300 1588 571 1660 matrimonium
588 1586 778 1674 adsumsit,
796 1601 832 1658 et
854 1610 899 1658 ex
920 1610 961 1657 ea
983 1588 1108 1684 genuit
1131 1584 1305 1685 Hippoly-

198 1708 330 1767 25tnm
349 1697 521 1768 Hercules
540 1712 622 1795 post
641 1698 849 1782 victoriam,
871 1697 1105 1796 Menalippen
1129 1697 1304 1794 captivam

242 1808 357 1878 sorori
369 1804 543 1896 reddidit,
556 1822 593 1880 et
604 1810 761 1907 pretium
773 1831 871 1879 arma
882 1809 1013 1905 reginae
1026 1808 1174 1905 accepit.
1189 1812 1306 1905 Atque

196 1936 230 1988 26
241 1917 290 1988 ita
303 1916 451 1992 funcms
465 1921 636 2018 imperit),
650 1919 695 1991 ad
707 1942 828 2015 regem
841 1918 1042 2022 pevertitur.
1054 1916 1123 1989 Sed
1138 1916 1304 2014 Orithya,

240 2026 305 2098 uhi
329 2032 506 2129 comperit
522 2029 659 2103 bellum
682 2028 869 2101 sororibus
886 2028 1044 2118 illatum,
1065 2043 1102 2101 et
1121 2044 1303 2128 raptorem

240 2162 317 2209 esse
355 2126 630 2214 Atheniensium
667 2142 896 2240 principem,
933 2137 1100 2211 hortatur
1133 2140 1303 2227 comites,

239 2278 259 2313 u
272 2254 489 2350 Frustraque
504 2267 542 2324 et
554 2253 663 2323 Ponti
678 2253 818 2340 sinum,
833 2265 869 2322 et
884 2254 1001 2325 Asiam
1018 2250 1212 2323 edomitam
1228 2274 1305 2323 esse

240 2359 347 2451 dicit,
366 2364 394 2434 si
409 2366 622 2436 Graecorum
638 2390 716 2437 non
734 2379 809 2435 tam
823 2360 945 2453 bellis,
962 2386 1070 2461 quam
1087 2364 1222 2459 rapinis
1236 2386 1305 2460 pa-

195 2502 227 2554 ²7
240 2484 348 2543 teant
362 2504 379 2539 n
395 2474 573 2546 Auxilium
585 2474 718 2547 deinde
731 2500 753 2545 a
765 2471 913 2573 Sagillo,
925 2498 1008 2571 rege
1018 2470 1185 2567 Scythiae,
1196 2472 1304 2567 petit:

238 2611 258 2647 α
272 2587 397 2679 Genus
410 2608 447 2655 se
465 2585 682 2681 Scytharum
693 2608 769 2655 esse
785 2612 792 2653 :
806 2582 943 2654 cladem
956 2583 1133 2665 virorum,
1147 2580 1304 2650 necessi·

237 2704 349 2763 tatem
363 2692 660 2788 armorum,helli
673 2716 814 2765 caussas
826 2689 1304 2787 ostenditzad'sequutasque
1415 2693 1422 2719 “

238 2800 386 2886 virtute,
405 2824 453 2871 ne
470 2801 654 2897 segniores
671 2800 757 2871 viris
775 2797 928 2869 seminas
945 2797 1080 2870 habere
1096 2798 1236 2897 Scythae
1250 2801 1302 2873 vi·

139 2976 144 2988 s
194 2924 227 2979 st
239 2905 419 2991 derenmr.
434 2940 451 2975 n
465 2914 587 2983 Motus
600 2910 659 2982 ille
676 2909 872 2981 domestica
886 2908 1015 3007 gloria,
1027 2910 1138 2981 mittit
1151 2936 1235 2983 cum
1247 2913 1302 2981 in-

194 3048 228 3099 ²9
239 3018 337 3117 genti
362 3020 525 3118 equitatu
545 3018 662 3091 lilium
683 3024 944 3119 Panasagoram
966 3024 1005 3091 in
1031 3021 1211 3094 auxilium.
1234 3020 1303 3094 Sed

239 3144 323 3200 ante
345 3129 508 3227 praelium
530 3130 754 3204 dissensione
777 3146 875 3221 orta,
899 3130 946 3204 ab
972 3134 1109 3206 auxiliis
1134 3134 1302 3221 deserta,

240 3380 265 3419 et
272 3370 386 3420 madriu
394 3369 516 3441 profectus
525 3380 568 3421 est.
579 3370 673 3423 Cusas.
683 3370 749 3423 Bell.
791 3383 833 3425 tro
843 3370 997 3445 hujusmodi
1007 3372 1101 3427 vitium
1111 3389 1153 3424 me
1162 3390 1218 3424 non
1229 3382 1301 3424 certe

240 3448 308 3501 Gdt
323 3446 359 3512 tt,
375 3449 406 3501 25
420 3467 427 3500 :
440 3466 511 3500 naves
521 3448 608 3520 longae
615 3450 751 3521 paullulum
791 3448 913 3503 offendit.

240 3526 750 3599 mwmabomrusmtbmjuuuan.
828 3530 869 3581 26.
887 3534 1003 3581 Hortatw
1017 3531 1121 3579 camdus.
1136 3526 1206 3580 Edit
1221 3528 1299 3580 llum.

277 3622 318 3657 so.
336 3610 398 3657 Dua
415 3618 463 3657 tum
480 3626 572 3658 soram
589 3612 749 3674 Amazonam.
792 3608 861 3659 Ven.
872 3605 942 3658 Flor.
953 3605 1032 3657 Paris.
1042 3602 1102 3658 Ald.
1112 3606 1186 3658 Junt.
1199 3604 1301 3658 addunt

241 3680 313 3735 Edit.
324 3684 418 3750 secu,
430 3690 533 3737 Duoees
545 3684 751 3759 quatuorsquod
792 3687 817 3735 in
837 3684 971 3737 ultionem:
988 3682 1062 3753 quod
1083 3702 1190 3755 prorsus
1206 3684 1299 3755 genui·

241 3776 314 3832 seqq.
326 3763 387 3814 satis
399 3774 439 3816 eat
451 3776 663 3817 consentaneum.
678 3782 725 3816 ιι).
791 3780 857 3816 num
867 3762 980 3815 videtur.
996 3778 1040 3812 sn.

277 3846 319 3901 24.
332 3836 462 3893 obtenta...
474 3845 573 3913 captim.
585 3842 672 3895 Placet
681 3842 749 3895 Gro-
828 3858 869 3911 27.
886 3839 982 3892 Cladem
988 3842 1104 3891 virorum.
1114 3838 1218 3893 Scilicet
1225 3839 1303 3891 mari-

241 3916 324 3969 novio
350 3934 418 3983 aro,
443 3917 516 3989 quod
540 3919 639 3973 hahent
662 3920 752 3992 plures
793 3930 833 3971 tos
846 3918 990 3972 trucidatos
1004 3919 1027 3984 S.
1043 3916 1069 3970 3.

243 3991 322 4046 codd.
337 4006 364 4045 et
376 4006 429 4047 tres
441 3994 502 4049 edd.
517 3998 663 4051 dumam...
676 4002 752 4070 capti·
829 3996 870 4049 all.
883 4000 1017 4050 Domestica
1027 3994 1116 4066 gloria.
1128 3994 1218 4049 Gloria
1236 4014 1300 4067 gen·

244 4088 319 4123 m:
335 4082 407 4124 recte
431 4074 540 4145 quidem
565 4094 599 4129 ex
620 4076 755 4129 latinitatis
795 4073 849 4138 tili,
867 4075 885 4127 i.
905 4094 928 4131 e.
950 4079 1127 4138 Amazonum,
1149 4092 1208 4148 qun
1229 4084 1305 4129 uma

246 4149 455 4219 constructione,
467 4170 626 4229 quamquam
644 4154 673 4208 in
689 4154 756 4211 Nor·
796 4170 879 4228 genus
893 4154 1050 4228 Scytharum
1064 4150 1089 4225 §-
1106 4170 1147 4223 27·
