2967 4684
402 338 782 409 HISTORIARUM
806 342 964 409 LIBER
989 343 1078 411 XII.
1197 340 1262 413 251

203 461 361 531 nomine
374 463 460 559 equi
474 460 704 561 Bucephalen
719 463 869 531 vocavit
883 460 974 532 lude
991 459 1171 551 Adrestas,
1183 467 1295 549 Ges-9

209 584 351 659 teauos,
361 570 893 669 Praesidas,Gangaridas,caesis
904 596 1030 641 eorum
1042 572 1268 663 exercitibus,

209 697 400 779 expugnat.
414 684 535 773 Quum
554 684 599 753 ad
618 681 793 781 Cupbites
810 685 984 769 venisset,
1000 680 1065 753 ubi
1084 707 1167 755 eum
1185 709 1267 754 cum
1282 718 1314 754 ιο

210 789 376 863 ducentis
386 792 545 865 millibus
558 794 721 891 equitum
733 792 855 863 hostes
869 792 1163 891 opperiebantur,
1173 819 1268 867 exer·

210 903 302 974 citus
319 906 456 993 omnis,
474 929 552 976 non
574 906 696 976 minus
716 904 947 975 victoriarum
969 927 1141 994 numero,
1162 930 1270 1001 quam

210 1013 395 1085 laboribus
416 1012 549 1104 lessus,
568 1015 736 1111 lacrymis
759 1038 842 1085 eum
866 1013 1097 1111 deprecatur,
1115 1016 1271 1085 «Finem

210 1123 357 1195 tandem
382 1124 468 1196 belli
497 1122 651 1214 faceret;
675 1123 871 1222 aliquando
896 1125 1038 1222 patriae,
1061 1124 1271 1223 reditusque
1285 1160 1315 1195 u

210 1238 451 1325 meminisset;
477 1238 673 1335 respiceret
703 1234 857 1305 militum
886 1220 1022 1324 annos,
1050 1233 1183 1331 quibus
1211 1237 1272 1307 vix

212 1361 293 1418 aetas
307 1346 352 1417 ad
366 1346 522 1419 reditum
540 1345 738 1417 sufficeret:
748 1376 766 1411 »
780 1346 971 1422 ostendere
984 1344 1073 1417 alius
1087 1349 1273 1435 canitiem,
1286 1382 1317 1418 η

213 1458 301 1528 alius
326 1458 498 1545 vulnera,
523 1456 611 1529 alius
636 1471 737 1527 aetate
766 1472 956 1528 consumta
982 1479 1158 1554 corpora,
1183 1456 1273 1526 alius

214 1566 441 1639 cicatricibus
465 1566 664 1638 exhausta:
687 1566 823 1637 «Solos
848 1592 887 1638 se
911 1590 1006 1654 esse,
1030 1567 1092 1663 qui
1115 1563 1271 1636 duorum
1286 1583 1318 1637 13

212 1700 360 1773 regum,
383 1674 539 1776 Philippi
564 1675 849 1774 alexandrique,
873 1678 1084 1748 continuam
1111 1675 1272 1746 militiam

212 1788 465 1886 pertulerint.»
477 1786 638 1858 Tandem
654 1812 774 1875 orare,
787 1818 805 1853 <r
817 1802 859 1859 ut
873 1787 1043 1884 reliquias
1056 1785 1181 1856 saltem
1192 1809 1274 1857 suas
1288 1813 1321 1869 ιι

212 1899 372 1997 paternis
386 1898 559 1997 sepulcris
573 1897 716 1986 reddat,
729 1924 887 1997 quorum
901 1924 978 1969 nou
992 1896 1120 1969 studiis
1135 1893 1275 1967 deficia-

214 2022 290 2096 tur,
304 2032 414 2106 quam
428 2009 533 2081 annis
547 2036 554 2079 :
567 2032 608 2080 ac
622 2010 652 2081 si
666 2034 745 2080 non
758 2009 948 2095 militibus,
961 2008 1018 2081 vel
1031 2009 1098 2106 ipsi
1111 2006 1179 2079 sibi
1192 2031 1273 2105 par·
1288 2025 1319 2079 ιε

215 2132 287 2205 cat,
296 2142 343 2189 ne
354 2114 538 2190 fomunam
550 2144 651 2189 suam
664 2121 772 2190 nimis
784 2120 973 2191 onerando
985 2116 1142 2215 fatiget.»
1152 2122 1274 2189 Motus
1288 2140 1321 2191 ιε

214 2226 271 2297 his
285 2242 356 2309 tam
366 2230 469 2324 justis
483 2228 668 2328 precibus,
681 2229 832 2301 velutin
847 2228 960 2301 finem
973 2228 1145 2315 victoriae,
1159 2242 1274 2298 castra

216 2336 321 2407 solito
339 2337 650 2437 magnificentiora
670 2338 750 2411 fieri
766 2340 886 2435 jussit,
902 2364 1059 2438 quorum
1078 2338 1275 2410 molitioni·

216 2445 287 2515 bus
306 2462 342 2517 et
360 2446 473 2520 hostis
493 2464 706 2538 terreretur,
719 2465 756 2520 et
772 2452 926 2549 posteris
940 2451 1128 2520 admiratio
1145 2450 1200 2519 sui
1218 2473 1275 2520 re·

216 2556 450 2655 linqueretur.
463 2560 610 2633 Nullum
626 2586 718 2661 opus
735 2561 865 2633 milites
880 2562 993 2631 laetius
1007 2558 1134 2631 fecere.
1149 2563 1275 2656 Itaque
1289 2598 1321 2652 ¹7

218 2671 313 2739 caesis
323 2669 500 2759 hostibus,
510 2696 593 2742 cum
605 2672 844 2769 gratulatione
855 2675 895 2742 in
905 2671 1028 2743 eadem
1037 2683 1275 2741 reverterunt.
1298 2680 1308 2705 ⁸

264 2783 324 2849 lx.
347 2779 437 2852 Inde
460 2782 661 2853 Alexander
683 2783 728 2853 ad
753 2808 898 2853 amnem
924 2783 1112 2854 Acesinem
1136 2782 1252 2879 pergit
1267 2809 1303 2855 :1

219 2914 282 2987 per
312 2888 413 2961 bunc
441 2892 480 2960 in
507 2896 694 2963 Oceanum
725 2894 922 2964 devehitur.
950 2892 1006 2964 Ibi
1034 2890 1304 2968 Hiacensanass

219 2999 422 3099 Sileosque,
436 3027 527 3100 quos
544 3004 715 3075 Hercules
733 3005 913 3093 condidit,
926 3007 965 3074 iu
981 3004 1204 3075 deditionem
1223 3028 1278 3074 ac-

253 3197 279 3247 9.
291 3180 408 3232 Adrestae
418 3193 467 3233 etc.
481 3182 580 3233 Omnes
593 3181 622 3233 hi
634 3182 727 3254 populi
768 3177 820 3228 nal.
833 3176 862 3242 I,
881 3178 928 3243 18,
944 3196 955 3230 ι
971 3195 979 3228 :
1000 3181 1033 3229 Hi
1050 3177 1176 3228 verberum
1191 3188 1275 3238 notas,

219 3256 370 3311 babitabant
378 3261 452 3331 juxta
468 3258 621 3331 Hydrunteu
635 3274 660 3313 et
671 3262 727 3332 Hy·
769 3255 805 3306 llll
816 3258 924 3306 canitiem
931 3278 942 3319 ,·
950 3256 1048 3326 pluriam
1060 3254 1147 3305 debite
1164 3270 1276 3323 corpora,

219 3334 327 3407 tlttpem
338 3337 442 3389 fluvios.
455 3366 489 3377 -
504 3336 634 3389 Praesidae.
648 3338 727 3391 Diod.
769 3334 891 3385 etnudum
904 3354 987 3405 corpus
999 3332 1177 3404 expmbmntes.
1187 3348 1234 3384 ιι).

219 3412 317 3477 xvtl,
332 3414 381 3483 93,
396 3426 474 3467 vocat
490 3417 601 3467 Proese'os.
614 3446 647 3455 -
659 3420 729 3467 Geu-
806 3418 846 3476 14.
858 3418 942 3479 Quen.
952 3412 1010 3463 lloc
1019 3411 1040 3463 si
1052 3410 1153 3461 salvum
1161 3426 1216 3459 esse
1227 3420 1277 3461 sta·

218 3492 328 3560 gandae.
345 3490 425 3545 Diod.
446 3492 543 3557 XVII,
561 3494 609 3562 93,
627 3494 726 3565 olymp.
770 3489 839 3554 tuis,
852 3490 939 3559 suppl.
953 3501 1014 3540 ante
1033 3485 1126 3539 studiis
1144 3498 1192 3535 tem
1206 3506 1215 3537 :
1228 3504 1278 3537 uon

222 3570 288 3634 113,
306 3588 335 3636 ²3
346 3572 377 3623 A.
391 3572 426 3623 U.
439 3576 503 3643 427¹,
515 3571 561 3643 qui
575 3572 729 3623 Gandaridae
770 3578 819 3618 tam
837 3568 936 3631 scadan,
957 3585 1028 3638 quam
1044 3568 1123 3615 mnis.
1137 3564 1227 3635 antiq.
1241 3576 1278 3617 ta·

220 3646 266 3715 (nt
278 3660 318 3701 est
328 3646 357 3700 in
372 3648 448 3715 sld„
465 3650 557 3719 Junt.)
574 3662 667 3714 vocat,
679 3668 729 3703 uec
770 3663 832 3699 men
845 3643 906 3698 edd.
919 3644 1017 3697 liabent
1027 3642 1078 3693 sed

220 3723 304 3778 victos
334 3726 434 3792 tradit,
460 3726 506 3780 sed
531 3726 598 3780 lema
628 3740 729 3783 tantum
807 3725 847 3778 15.
860 3726 917 3795 Ipsi.
931 3724 1005 3775 Hanc
1018 3739 1113 3773 rocem
1126 3738 1204 3793 quem
1215 3740 1277 3794 pos·

221 3802 370 3857 Alexandro
379 3806 533 3859 innotuisse.
770 3805 837 3857 tulat
849 3800 982 3855 antithesis
1001 3798 1113 3850 intutu
1136 3798 1198 3852 dedi
1218 3818 1278 3854 cum

256 3900 298 3935 to.
310 3883 387 3951 'Qum
396 3884 431 3935 ad
441 3884 550 3955 Cuplu'tes
556 3888 669 3948 venisset,
678 3896 729 3938 etc.
770 3882 879 3936 Vorstio
890 3900 923 3933 ex
940 3876 999 3932 Ald.
1015 3888 1041 3929 et
1054 3878 1132 3932 MSS.
1151 3879 1276 3951 Dougan.

222 3958 300 4013 fons.
313 3961 394 4015 Diod.
407 3960 508 4027 XVII,
521 3970 563 4031 94.
769 3980 821 4034 pro
833 3961 906 4032 vulg.
920 3963 977 4031 quse.

259 4056 299 4091 ta.
316 4043 458 4093 venitm..
468 4052 538 4091 oetate
547 4053 669 4093 consumta
679 4062 731 4094 cori·
806 4038 856 4090 lx,
868 4058 892 4091 r.
904 4037 946 4089 Ad
955 4052 1047 4088 emm
1056 4038 1180 4088 Acesinen
1185 4036 1275 4109 pergit.

220 4132 289 4185 pora.
304 4118 415 4191 Respice
429 4118 488 4184 xl,
502 4122 532 4184 6,
545 4125 568 4181 4.
580 4119 664 4172 Tacit.
674 4121 729 4173 An-
771 4116 842 4171 Vide
856 4112 935 4169 Diod.
945 4112 1094 4181 xv11‚96.
