2967 4684
419 326 808 393 PHILIPPICARUM
830 328 994 397 TROGl.
1194 335 1236 401 65

174 472 248 540 que
266 468 379 513 crussa
399 442 584 532 Pyrrhum,
599 465 712 531 regem
727 442 834 532 Epiri,
858 446 892 511 in
916 446 1058 511 Siciliam
1080 446 1237 517 adduxit:

174 554 273 636 Bella,
287 573 360 641 qrrae
376 546 523 636 Pyrrhus
539 568 616 611 curu
631 544 739 609 Poenis
755 561 788 610 et
802 546 1002 615 Mamertinis
1016 550 1063 613 ibi
1078 551 1193 639 gessit:
1205 570 1239 621 et

174 680 195 721 a
210 655 321 721 Sicilia
334 672 483 718 reversus
501 649 536 713 in
553 648 699 731 ltaliam,
715 649 888 737 victusque
904 652 1016 742 prelio
1032 677 1051 717 a
1067 654 1236 741 Romanis,

175 759 313 824 revertit
326 756 361 819 in
378 754 528 844 Epirum
647 843 649 845 q

430 891 681 951 PROLOGUS
702 890 832 949 LIBRI
850 892 981 951 xxlv.
1054 895 1057 905 '

221 1018 346 1101 Quarto
367 1029 402 1081 et
416 1011 572 1079 vicesimo
594 1010 764 1075 volumine
786 1011 973 1076 continetur
994 1011 1134 1097 bellurn,
1151 1016 1266 1105 quodr

175 1123 262 1187 inter
278 1120 482 1209 Antigonum
498 1116 679 1197 Gonatarn,
694 1128 728 1179 et
743 1114 945 1179 Antiochum
968 1116 1097 1181 Seleuci
1117 1115 1240 1202 lilium,

176 1225 210 1289 in
225 1225 299 1289 Asia
317 1236 447 1311 gestum
469 1234 528 1284 est.
544 1217 692 1299 Bellum,
706 1214 799 1303 quod
815 1216 1007 1281 Ptolemaeus
1024 1220 1190 1284 Ceraunus
1205 1222 1268 1286 inr

174 1324 368 1391 Macedonia
393 1344 470 1387 cum
501 1315 617 1385 Monio
644 1318 758 1407 Illyrio
782 1334 815 1383 et
837 1318 1033 1401 Ptolemaeo,
1058 1322 1242 1410 Lysimachi

175 1425 263 1508 filio,
286 1425 432 1491 habuit:
456 1440 563 1510 utque
584 1422 765 1516 Arsinoen,
790 1444 937 1487 sororem
964 1445 1076 1505 suurn,
1101 1424 1240 1512 irnperio

175 1530 464 1595 Macedonicarum
486 1526 624 1591 urbium
645 1525 747 1589 exuit.
772 1524 861 1614 lpse,
881 1546 957 1589 curn
975 1524 1105 1614 Belgio,
1131 1526 1268 1600 Gallo.3

175 1656 253 1697 rum
274 1632 378 1715 duce,
401 1652 616 1721 congressus,
637 1627 772 1693 interiit.
792 1628 950 1715 Repetite.
973 1626 1051 1693 inde
1072 1628 1270 1715 Gallorum4

175 1734 332 1823 origines,
346 1734 405 1820 qui
420 1733 591 1823 illyricum
605 1746 805 1820 occuparant
815 1745 939 1817 ,etque
954 1744 992 1793 ut
1007 1732 1143 1819 ingressi
1155 1732 1242 1799 Gree-

176 1838 276 1919 ciem,
292 1838 423 1900 Brenno
438 1834 542 1917 duce,
555 1833 692 1924 Delphis
708 1834 787 1898 victi
803 1833 969 1923 deletique
983 1850 1069 1899 sunt.

443 1990 698 2048 enonocus
717 1966 850 2045 muni
868 1990 978 2049 xxv.

219 2108 345 2191 Quoto
360 2124 396 2175 et
408 2108 565 2173 vicesimo
580 2108 751 2173 volumine
764 2096 977 2173 continentur
988 2108 1057 2173 hoeo
1068 2132 1077 2172 r
1088 2108 1134 2172 Ut
1148 2111 1241 2174 Anti·
1255 2144 1267 2179 r

175 2231 280 2299 gonus
294 2208 407 2275 Gallos
422 2208 544 2276 delerit
556 2230 564 2272 t
578 2208 698 2274 deinde
711 2232 789 2274 cum
801 2208 1022 2298 Apollodoro,
1038 2211 1241 2280 Cassandreae

175 2328 332 2400 tyranno,
344 2312 473 2378 bollum
486 2311 614 2377 hahuit.
628 2312 673 2377 Ut
688 2311 775 2377 Galli
788 2312 976 2375 transierint
991 2313 1024 2375 in
1039 2313 1162 2393 Asiam,
1177 2312 1269 2379 bel-2

176 2411 315 2500 lamque
332 2434 406 2477 eum
432 2436 511 2505 rege
534 2412 702 2485 Antiocho
727 2428 759 2478 et
783 2412 936 2500 Bithynio
954 2428 1122 2501 gesserunt
1138 2436 1146 2477 :
1163 2436 1243 2501 quas

176 2516 329 2606 regiones
346 2516 454 2583 Feliui
470 2531 685 2607 occuparunt.
699 2516 744 2580 Ut
757 2514 900 2604 Pyrrhus
917 2537 957 2579 ex
973 2514 1065 2580 ltalia
1081 2532 1268 2599 reversus‚3

176 2640 278 2707 regno
294 2617 498 2685 Macedoniae
512 2620 716 2708 Antigonum
732 2618 876 2699 exuerit,
893 2614 1159 2683 Lacedsemonem
1180 2619 1242 2684 oh·

177 2720 312 2803 sederit,
325 2722 419 2811 Argis
433 2722 616 2788 interierit:
630 2720 783 2810 filiusque
795 2720 863 2802 ejus
874 2718 1057 2787 Alexander
1072 2721 1243 2811 illyricum

176 2844 252 2889 cum
267 2824 385 2913 Mytilo
399 2824 527 2890 bellum
542 2824 708 2890 habuerit.

429 2966 685 3025 PROLOGUS
705 2966 837 3023 LIBRI
858 2968 989 3023 XXVI.

221 3080 319 3147 Sexto
333 3100 368 3148 et
380 3084 536 3149 vicesimo
549 3084 719 3151 volumine
733 3085 946 3149 continentur
959 3084 1029 3149 haec
1042 3108 1050 3149 ε
1064 3084 1194 3166 Quibus
1207 3088 1241 3151 in
1256 3114 1269 3151 1

177 3183 315 3249 urbibus
330 3186 465 3251 Graecioe
480 3186 739 3252 dominationem
754 3187 937 3274 Antigonus
957 3185 1099 3250 Gonates
1121 3190 1242 3251 cousti-

210 3334 689 3410 xx111.s.s011a,quoe.1tmcttodii
730 3336 870 3401 conducti,
882 3339 1044 3391 Antiochum
1059 3338 1089 3402 I,
1101 3339 1183 3412 Syria
1200 3360 1243 3393 re-

177 3414 317 3469 lectionem
327 3416 466 3469 confirmat
473 3434 543 3469 uuus
552 3413 637 3469 codex
642 3417 690 3469 Pe·
730 3435 804 3489 gern,
812 3417 882 3469 bello
893 3416 1035 3487 petierunt.
1047 3416 1110 3469 Vid.
1121 3432 1244 3488 excerpts

176 3493 292 3546 risicusis
300 3496 373 3565 vulg.
389 3494 506 3568 bellaque.
730 3494 882 3551 Memnonis
889 3495 1025 3548 etLivium
1032 3494 1243 3551 liuxxxvffl.

212 3570 318 3625 xxlv.
331 3594 354 3627 ι.
366 3578 460 3627 Monta
469 3572 536 3627 Cod.
546 3574 627 3627 Paris.
635 3581 690 3646 uy-
729 3576 894 3648 —Bitlrynim
905 3574 966 3629 scil.
976 3592 1054 3645 rege,
1063 3580 1183 3645 lypum,
1197 3578 1244 3631 lti-

177 3650 688 3726 rituquodrecepcrouccmtxxvs.
731 3652 1243 3727 comedisilliusautecessorc,cujusuo-

210 3730 301 3784 XXV.
321 3750 347 3784 s.
364 3733 495 3785 Antiocho.
512 3733 571 3785 Hoc
590 3748 689 3786 nomeu
732 3734 846 3787 menhic
855 3731 935 3785 inseri
943 3730 1048 3783 volebat
1056 3730 1242 3803 [cogeremus.

176 3807 689 3883 recepieduobuscodd.proAtrtigono;
729 3813 851 3867 Freiuth.
864 3828 965 3865 sorren
979 3808 1097 3881 Bithynis.
1108 3842 1142 3853 -
1155 3817 1242 3869 Felici.

176 3900 207 3940 ut
221 3890 276 3959 jem
295 3903 435 3943 monuerat
451 3886 637 3961 lougemte'us.
656 3890 689 3941 In
729 3892 781 3945 Alii
791 3890 870 3943 codd.
881 3888 1242 3965 Selicilongerusruscouji·

175 3966 318 4021 hirenius
326 3970 516 4023 noncumhoc
525 3967 688 4023 Macedonio
728 3967 1241 4031 citGalli‚·coll.Streb.etLiv.loc.leud.·

175 4063 240 4117 rege
257 4047 358 4101 bellurn
375 4062 528 4120 gesserunt,
543 4046 590 4100 sed
606 4047 688 4101 Nico·
764 4049 869 4103 XXVI.
879 4051 1243 4118 rmnfigonusoorarassrru·

176 4123 491 4201 mcdmnimynisregis,
499 4126 690 4183 unimode
730 4129 770 4201 git
783 4130 839 4185 hue
850 4128 943 4201 Polyb.
954 4128 1022 4185 Hirr.
1034 4130 1092 4198 lx,
1105 4131 1147 4185 23.

1052 4225 1072 4297 5
