2967 4684
216 376 259 455 46
549 364 941 433 PROLEGOMENA

128 475 132 487 ¹
215 494 292 556 Car.
308 488 346 553 V.
371 484 545 575 Dionysius
566 494 675 547 autem
696 482 752 547 ille
767 482 888 546 iterum
909 481 1042 571 pulsus,
1057 480 1279 574 proficiscitur

258 590 474 669 Corinthum,
491 586 551 650 ubi
568 600 752 650 contemtus
764 584 853 649 vivit
870 586 906 648 A
922 584 963 648 U.
979 587 1054 663 411.

214 700 291 763 Car.
313 696 370 760 Vl.
397 688 713 780 Carthaginiensium
737 688 864 776 legatus
888 686 1052 752 Hamilcar
1073 684 1116 751 ad
1137 688 1277 753 Alexan·

259 799 357 864 drum
369 794 538 883 Magnum,
550 813 667 879 quum²
679 805 813 856 mortuo
825 790 1104 881 rcge,inpatriam
1113 789 1276 873 rediisset,

261 897 435 967 occiditur.
450 898 491 959 A.
506 894 545 959 U.
562 893 639 973 430.

618 1054 741 1111 ursan
765 1054 866 1097 xxrr.

214 1178 291 1243 Car.
309 1176 385 1241 1-11.
401 1173 616 1264 Agathocles,
636 1173 729 1254 cujus
742 1173 808 1238 vita
822 1194 891 1237 non
908 1172 1016 1238 minus
1031 1174 1137 1265 turpis
1152 1174 1275 1257 fuerat,

258 1300 357 1368 quam
377 1278 469 1366 origo
489 1273 640 1357 sordida,
656 1274 749 1339 exsul
766 1291 801 1340 et
823 1274 1110 1365 Murgantinomm
1133 1292 1276 1367 praetor,

258 1404 357 1471 opera
383 1380 574 1444 Hamilcaris
595 1377 914 1467 Carthaginiensium
935 1378 1048 1464 ducis,
1068 1380 1276 1470 tyrannidem

256 1485 488 1574 Syracusarum
504 1495 654 1569 occupat.
670 1481 710 1543 A.
726 1480 767 1544 U.
784 1479 860 1565 437.

212 1588 287 1654 Car.
306 1587 366 1651 lll.
381 1584 457 1667 Quo
474 1597 624 1661 mortno,
640 1578 682 1643 ab
695 1578 800 1643 altero
815 1578 998 1645 Hamilcare
1012 1578 1144 1647 duobus
1157 1582 1276 1672 preliis

256 1688 377 1769 victus,
394 1683 559 1775 Syracusis
573 1678 753 1746 obsidetur.

212 1792 288 1856 Car.
298 1789 435 1855 lV·Vll.
448 1784 619 1850 Translato
640 1798 752 1847 autem
771 1781 860 1848 bello
876 1783 911 1846 in
927 1784 1084 1869 Africam,
1099 1785 1275 1853 Poenorum

257 1891 405 1957 exercitu
420 1888 469 1952 ibi
485 1908 581 1967 caeso,
594 1885 734 1949 urbibus
750 1883 952 1973 castellisque
967 1890 1159 1979 expugnatis
1173 1892 1275 1979 agris·

257 2013 323 2081 que
344 1990 491 2072 vastatis,
512 1989 629 2053 urbem
645 2002 772 2053 terrens
786 2008 885 2076 seque
898 1990 1063 2055 sociorum
1079 1994 1202 2057 auxilio
1220 1992 1277 2057 lir-

256 2116 365 2175 mans,
378 2092 487 2158 deleto
499 2094 624 2156 interea
634 2091 668 2154 in
682 2090 791 2155 Sicilia
800 2090 944 2156 hostium
956 2094 1103 2159 exercitu
1115 2117 1135 2158 a
1147 2096 1276 2187 tyranni

259 2196 375 2277 fratre,
387 2196 503 2261 Poenos
516 2192 558 2259 ad
574 2214 735 2259 summam
751 2192 1011 2285 desperationem
1029 2195 1175 2263 deduxit.

213 2298 288 2364 Car.
306 2298 397 2363 Vlll.
413 2295 496 2362 lnde
514 2297 549 2360 in
565 2296 708 2361 Siciliam
723 2316 889 2380 reversus,
904 2299 1000 2387 pulso
1016 2322 1120 2383 novo,
1137 2303 1194 2390 qui
1208 2301 1276 2367 huc

255 2402 370 2468 missus
382 2400 503 2483 fuerat,
517 2400 693 2465 Poenorum
706 2401 872 2482 exercitu,
887 2402 1122 2469 totius-Siciliae
1136 2404 1277 2494 imperio

255 2506 390 2596 potitur.
403 2506 563 2570 Reversus
576 2520 685 2568 autem
698 2504 819 2567 iterum
831 2503 865 2566 in
877 2502 1038 2586 Africam,
1050 2506 1171 2587 majore
1183 2529 1278 2574 exer.

256 2607 340 2672 citus
353 2622 444 2695 parte
457 2606 586 2686 amissa,
596 2604 696 2685 hujus
709 2602 860 2693 proditor
869 2602 991 2692 refugit
1000 2606 1035 2669 in
1047 2606 1206 2690 Siciliam,
1216 2608 1276 2674 ubi

257 2730 376 2799 paoem
393 2728 471 2771 cum
484 2706 590 2769 Poenis
603 2705 783 2792 componit.

608 2877 732 2921 mn
754 2876 876 2920 xxltt.

212 3014 290 3077 Car.
301 3010 328 3074 l.
341 3010 412 3073 lam
422 3008 542 3073 Brutiis
553 3009 588 3073 in
597 3007 688 3074 ltalia
699 3008 825 3074 bellum
837 3010 1046 3101 infert,genti
1054 3014 1272 3082 ferocissime.

154 3262 158 3267 -
214 3109 471 3283 Clsslllliffifi
483 3230 593 3280 autem
602 3214 637 3279 vi
649 3230 832 3305 correptus,
845 3238 949 3305 quum
963 3218 996 3282 in
1007 3218 1151 3285 Siciliam
1163 3220 1276 3313 podiis·

160 3334 164 3344 “
234 3422 235 3425 ¹
255 3336 304 3436 set
315 3318 430 3406 ibique
432 3318 605 3484 ῧετίἒεὲεῑ,
617 3318 896 3409 Carthaginienses
907 3321 1025 3387 multas
1034 3324 1180 3391 civitates
1194 3326 1274 3391 sub-

212 3421 418 3589 Caigilllllll
428 3424 546 3611 Pyrihi
557 3468 745 3589 etexltalia
753 3526 955 3591 etexSicilia
964 3527 1101 3618 (respice
1109 3530 1232 3611 xvm,
1241 3530 1274 3619 a)

135 3721 139 3731 Ι
257 3624 413 3691 discessus
419 3625 532 3691 infelix
546 3626 597 3715 (A.
610 3627 651 3692 U.
665 3625 753 3715 479).
770 3627 846 3709 Quo
856 3630 1020 3719 profecto,
1032 3632 1132 3697 Hiero
1144 3634 1276 3723 eligitur

257 3731 405 3794 omnium
418 3730 586 3795 civitatum
596 3752 758 3796 consensu
768 3751 825 3796 rex
836 3732 962 3797 Siciliae.
977 3736 1014 3799 A.
1024 3734 1065 3799 U.
1076 3732 1140 3813 485
1153 3752 1186 3801 et
1197 3740 1274 3825 490.

616 3906 739 3949 menn
762 3907 870 3951 xxtv.

213 4024 289 4089 Car.
301 4021 326 4085 l.
340 4022 468 4087 interea
481 4023 613 4089 Grecire
626 4026 787 4109 civitates,
797 4026 938 4094 ducibus
950 4030 1132 4119 Spartanis,
1148 4030 1276 4101 AEtolos

257 4122 415 4214 Antigoni
423 4126 528 4191 socios
539 4124 786 4217 adgrediuntur.
