2967 4684
387 357 766 428 HISTORIARUM
791 358 949 426 LIBER
972 359 1039 427 tx.
1177 380 1246 452 207

179 499 280 552 mero
298 493 527 579 prestarent,
543 476 702 550 adsiduis
717 476 822 550 bellis
836 479 1005 552 indurata
1019 483 1154 552 virtute
1170 485 1248 551 Ma·

178 591 378 678 cedonum,
389 591 597 660 vincuntur.
608 591 693 660 Non
707 603 829 661 tamen
842 591 1072 663 immemores
1085 593 1251 691 pristiam
1261 613 1293 650 10

177 700 298 798 gloriae
319 699 508 772 cecidere:
528 701 664 796 quippe
685 698 843 772 adversis
863 701 1097 791 vulneribus,
1117 721 1246 775 omnes

178 812 277 898 loca,
299 833 377 907 quae
403 808 538 880 tuenda
564 833 585 878 a
608 807 764 881 ducibus
787 829 1024 907 acceperant,
1047 815 1246 891 morientes

179 918 395 1019 corporlbus
425 934 606 992 texerunt.
635 922 702 990 Hic
731 919 808 990 dies
834 925 1010 994 universa
1037 927 1183 996 Graecia
1209 937 1247 998 et
1260 956 1290 992 ιι

178 1032 328 1129 gloriam
361 1030 641 1118 dominationis,
670 1045 706 1102 et
735 1034 1013 1104 vetustissimam
1042 1033 1245 1108 libertatem

179 1141 306 1216 finivit.

229 1257 286 1326 tv.
313 1253 428 1347 Hujus
452 1253 613 1324 victoriae
638 1251 766 1323 callide
791 1251 1012 1325 dissimulata
1041 1255 1272 1328 latitiaest.1·

180 1367 348 1462 Denique
362 1390 439 1436 non
459 1363 564 1436 solita
579 1387 679 1435 sacra
696 1362 883 1463 Philippus
902 1364 962 1435 illa
976 1364 1034 1437 die
1050 1363 1152 1456 fecit3
1168 1391 1246 1439 non

180 1479 219 1550 in
243 1478 412 1549 convivio
435 1478 514 1548 risit
525 1501 540 1564 ;·
556 1501 632 1546 non
660 1474 767 1546 ludos
793 1476 889 1546 inter
913 1476 1037 1574 epulas
1062 1475 1247 1566 adhibuit;

179 1612 258 1658 non
277 1610 452 1675 coronas,
470 1611 547 1657 non
567 1601 757 1685 unguenta
776 1589 924 1676 sumsit,
936 1602 992 1675 et,
1009 1603 1188 1686 qnantum
1206 1590 1246 1658 in

179 1697 241 1768 illo
256 1696 341 1787 fuit,
355 1699 403 1769 ita
419 1699 522 1784 vicit,
536 1714 577 1770 ut
592 1699 768 1770 victorem
786 1723 897 1770 nemo
913 1702 1074 1772 sentiret.
1088 1699 1158 1772 Sed
1176 1723 1275 1772 neca

177 1833 299 1906 regem
318 1833 356 1882 se
373 1811 538 1898 Graeciae,
559 1809 623 1882 sed
645 1810 777 1882 ducem
802 1811 973 1911 appellari
993 1813 1108 1909 jussit.
1129 1817 1275 1910 Atqoe3

178 1922 226 1991 ita
244 1921 342 1992 inter
360 1923 505 1993 tacitam
521 1921 679 1993 laetitiam
695 1935 732 1993 et
752 1922 916 1994 dolorem
936 1923 1097 1996 hostium
1113 1939 1249 2024 tempe·

178 2033 287 2120 ravit,
301 2047 341 2104 ut
357 2057 478 2130 neque
493 2033 591 2131 apud
609 2059 694 2106 suos
709 2031 918 2118 exsultasse,
932 2058 1053 2132 neque
1065 2035 1163 2134 apud
1175 2038 1249 2106 vic-

179 2155 237 2212 tos
258 2143 447 2214 insultasse
469 2143 661 2214 videretur.
684 2141 985 2231 Atheniensibus,
1003 2169 1097 2242 quos
1122 2161 1276 2241 passast

180 2249 431 2326 infestissimos
444 2250 578 2338 fuerat,
592 2266 629 2323 et
641 2255 801 2350 captivos
814 2255 923 2347 gratis
933 2254 1087 2339 remisit,
1101 2267 1138 2322 et
1149 2251 1247 2323 bello

181 2376 457 2433 consumtorum
479 2385 634 2458 corpora
654 2357 846 2458 sepulturae
866 2361 1044 2449 reddidit;
1063 2361 1247 2458 reliquias-

181 2497 252 2570 que
265 2471 437 2545 sunerum
450 2487 492 2544 ut
504 2471 550 2542 ad
565 2471 729 2570 sepulcra
742 2470 921 2565 majorum
937 2468 1137 2561 deferrent,
1148 2471 1246 2543 ultro

180 2582 346 2656 hortatus
358 2595 421 2656 est.
435 2583 549 2683 Super
560 2582 636 2653 haec
648 2581 894 2654 Alexandrum
905 2581 1021 2652 filium
1032 2607 1116 2654 cum
1128 2585 1245 2655 amico
1260 2599 1280 2654 5-

179 2697 388 2795 Antipatm,
412 2697 476 2794 qui
498 2717 625 2794 pacem
648 2717 732 2764 cum
755 2691 811 2764 hi‘s
835 2694 1100 2791 amicitiamque
1119 2695 1248 2792 junge·

216 2919 241 2970 9.
272 2905 412 2952 Vincuntur.
445 2899 487 2952 Ad
521 2901 693 2954 Chaeroneam
733 2917 785 2949 nent
800 2896 978 2967 mafftttficentin
992 2917 1042 2950 non
1055 2898 1246 2970 deerott'nntp·

181 2979 294 3043 Bestias,
302 2979 414 3032 ducibus
422 2979 533 3030 Charete
544 2991 571 3032 et
579 2979 691 3050 Lysicle.
733 2981 773 3028 stis
798 2974 954 3028 celebranda.
977 3007 1012 3016 -
1040 2981 1174 3029 Coronas...
1198 2997 1245 3029 un·

182 3054 247 3110 Vid.
264 3055 344 3108 Diod.
362 3055 447 3118 XVI,
461 3057 509 3120 85,
523 3057 570 3126 qui
585 3057 612 3108 in
629 3057 692 3108 Phi·
731 3065 831 3123 guenta.
843 3055 937 3118 Qualia
948 3056 977 3106 in
989 3056 1074 3126 epulis
1086 3055 1157 3108 festis
1168 3055 1245 3108 adhi-

180 3135 248 3208 llppi
261 3133 378 3190 meroitu
391 3145 511 3184 numerat
522 3135 632 3199 Samon,
650 3133 692 3185 di·
732 3133 790 3185 beri
801 3133 875 3185 solita
891 3133 986 3199 luisse,
997 3132 1140 3186 ostendunt
1157 3136 1246 3186 multa

181 3227 251 3268 serta
271 3211 386 3276 addens,
405 3223 432 3263 et
450 3230 562 3266 nurnero
582 3225 608 3264 et
631 3213 692 3264 belli
733 3209 835 3263 Horatii
847 3209 913 3263 ode.

60 3297 63 3307 '
180 3292 274 3366 peritia
295 3309 387 3362 regern
409 3289 558 3363 prestitisse
576 3292 693 3343 hostium
769 3289 1095 3342 araennasntmm.
1107 3291 1245 3360 [ltneque

181 3371 308 3424 exercitui
313 3409 321 3434 ,
331 3371 377 3443 qui
389 3388 444 3422 non
455 3369 542 3421 minus
553 3383 693 3440 promptus
733 3365 894 3420 Macedones
903 3366 1042 3419 crederent
1049 3385 1139 3438 regern
1148 3367 1182 3419 de
1190 3367 1244 3420 vic·

182 3462 209 3503 et
218 3449 303 3506 alacer
312 3449 400 3501 luerit.
411 3450 532 3498 -Anno
542 3448 622 3499 Urbis
633 3450 693 3509 416.
733 3446 800 3498 toria
821 3463 866 3496 sna
889 3445 1045 3509 exsultasse,
1062 3463 1150 3515 neque
1169 3443 1245 3496 illurn

219 3545 261 3581 tt.
280 3529 465 3580 macana.
486 3526 596 3597 Respice
613 3543 692 3598 snpra
733 3523 908 3576 Athenienses
925 3535 1049 3594 putarent
1060 3524 1124 3595 ipsis
1134 3533 1245 3595 propter

183 3603 275 3670 VIII,
288 3613 320 3670 4,
334 3623 351 3676 7
365 3616 390 3657 et
404 3606 430 3658 8.
733 3602 835 3654 cladem
846 3602 991 3654 insultasse.

218 3684 270 3737 IV.
285 3705 308 3738 t.
320 3687 398 3753 Hujus
409 3685 546 3734 victorin...
556 3682 639 3733 Innio
648 3691 692 3734 cst.
769 3688 795 3742 A.
810 3685 944 3751 Corpora..
955 3681 1113 3752 reliqut'stsque
1118 3679 1243 3745 sunnam.

184 3761 269 3816 sliam
282 3763 376 3816 lamam
389 3763 468 3814 refert
481 3760 592 3813 Diodor.
607 3759 675 3812 xvl
682 3799 691 3823 ,
736 3764 826 3830 Corptu
842 3771 869 3810 et
883 3759 996 3830 reliquias
1012 3759 1149 3830 conjucxit
1165 3759 1200 3811 ita
1217 3771 1245 3814 et

185 3839 232 3909 87,
245 3842 291 3912 qni
304 3842 341 3894 ob,
355 3841 476 3904 nimiam,
491 3859 542 3910 qua
559 3839 635 3892 victis
651 3839 693 3891 in·
733 3839 811 3891 alibi:
823 3837 935 3899 ntXlI,
950 3838 995 3898 15,
1009 3838 1061 3891 15:
1076 3841 1166 3908 Corpus
1177 3843 1244 3908 regio

184 3919 298 3986 saltarit,
307 3921 421 3974 laetitiam
434 3933 523 3990 regem
537 3939 551 3971 a
565 3919 693 3984 Demade,
733 3937 798 3969 more
813 3917 920 3988 sepeliri,
937 3927 962 3966 et
978 3915 1089 3988 reliquia
1101 3920 1153 3986 ejus
1166 3920 1243 3986 majo·

183 3995 381 4052 Atheniensium
389 4012 493 4052 oratore
502 3999 695 4068 captivo,scer-
734 4016 786 4048 run
804 3996 899 4048 undu
915 3995 1000 4060 inferri
1007 3997 1089 4064 jussit.
1103 3995 1172 4047 Item
1186 3996 1242 4061 tx,

183 4071 606 4136 beadmnniutmlttissenatrat.-
614 4075 694 4128 Ludos
734 4095 763 4144 7,
784 4093 811 4128 tr
829 4091 837 4125 ε
854 4072 964 4142 Ilefieun
984 4091 1068 4144 corpas
1088 4073 1264 4138 t'nterfectan's²

185 4171 234 4208 non
250 4155 368 4209 adlubut't.
382 4156 480 4211 Contra
500 4173 558 4227 cap.
573 4155 588 4208 3
601 4173 608 4208 :
622 4154 694 4208 luda·
733 4173 805 4225 super
815 4153 927 4226 reliquas
938 4155 1018 4204 mariti
1029 4155 1146 4204 mansit.
1162 4169 1207 4214 aa.
