2967 4684
242 358 314 433 306
665 348 877 420 IUSTlNI

242 574 1303 613 mmmmm-mmmmm

539 778 774 882 LIBER
814 777 1005 882 XVII.

217 1244 271 1312 ¹l.
292 1211 376 1311 Psn
394 1236 491 1308 idem
506 1231 619 1306 ferme
638 1248 780 1330 tempus
798 1232 837 1301 in
855 1228 1081 1327 Hellesponti
1098 1241 1134 1299 et
1149 1226 1303 1300 Cherso-

214 1378 230 1414 ι
244 1351 322 1421 nesi
339 1345 551 1446 regionibus
568 1360 670 1415 terro·
685 1359 807 1415 motus
823 1340 890 1413 suit
905 1369 912 1412 :
927 1344 1080 1413 maxime
1097 1354 1218 1413 tamen
1234 1344 1304 1437 Ly-

243 1459 417 1533 simachia
434 1458 544 1545 urbs,
562 1471 646 1528 ante
661 1455 753 1526 duos
772 1470 808 1525 et
824 1454 949 1552 viginti
967 1477 1085 1524 annos
1105 1476 1125 1522 a
1146 1452 1306 1549 Lysima-

213 1572 315 1643 3ch0
338 1596 422 1668 rege
446 1569 614 1656 condita,
631 1591 754 1638 eversa
778 1580 842 1637 est.
864 1564 972 1655 Quod
996 1578 1206 1664 portentum
1228 1562 1307 1635 dira

244 1680 477 1779 Lysimacho,
489 1680 664 1779 stirpique
672 1678 764 1775 ejus,
777 1702 818 1749 ac
829 1678 932 1774 regni
940 1679 1100 1766 urinam,
1112 1700 1195 1747 cum
1206 1674 1307 1748 clade

215 1807 233 1865 t
245 1797 453 1864 vexatarum
472 1793 679 1889 regionum,
692 1787 943 1890 portendebat.
957 1792 1034 1861 Nec
1048 1789 1203 1861 ostentis
1216 1786 1306 1861 fides

245 1902 383 1975 defuit:
403 1928 488 1975 nam
506 1901 608 1973 brevi
623 1917 706 2000 post
730 1918 913 2003 tempore,
935 1898 1169 2000 Agathoclem
1192 1897 1307 1971 lilium

243 2039 368 2099 suum,
386 2040 494 2113 quem
511 2016 551 2085 in
570 2015 835 2086 successionem
853 2016 957 2113 regni
979 2013 1225 2102 ordinaverat,
1242 2035 1308 2111 per

241 2152 355 2226 -quem
376 2126 491 2199 multa
510 2126 606 2199 bella
626 2151 800 2227 prospere
822 2140 992 2225 gesserat,
1010 2151 1089 2198 non
1106 2124 1223 2197 solum
1245 2148 1307 2224 pa·

244 2240 373 2326 trium,
384 2262 511 2309 verum
523 2238 630 2309 etiam
646 2236 849 2310 humanum
862 2238 957 2309 ultra
969 2263 1128 2328 morem,
1143 2261 1308 2339 perosus,

217 2367 233 2420 ⁵
246 2352 410 2421 ministra
425 2354 578 2423 Arsinoe
596 2375 774 2441 noverca,
789 2374 935 2422 veneno
949 2347 1139 2421 interfecit
1157 2357 1241 2422 Haec
1259 2346 1309 2418 illi

245 2463 362 2560 prima
374 2462 459 2532 mali
471 2462 586 2550 labes,
599 2461 672 2534 hoc
686 2464 831 2534 initium
847 2460 1092 2562 impendentis
1103 2464 1218 2532 ruinae
1231 2456 1309 2529 suit.

215 2574 339 2643 sNam
370 2572 602 2672 parricidium
633 2575 840 2673 principum
869 2588 1029 2673 sequutae
1058 2572 1171 2645 caedes
1200 2586 1308 2661 sunt,

248 2681 427 2753 luentium
444 2684 638 2782 supplicia,
651 2684 752 2782 quod
769 2687 929 2757 occisum
943 2687 1114 2782 juvenem
1126 2682 1309 2755 dolebant.

219 2798 374 2889 7ltaque
399 2809 437 2865 et
458 2792 517 2882 hi,
538 2797 602 2892 qui
628 2795 786 2867 caedibus
811 2794 1083 2895 superfuerant,
1106 2792 1224 2886 ethi,
1247 2798 1310 2893 qui

248 2904 467 2975 exercitibus
479 2921 675 3002 praeerant,
687 2909 850 2977 certatim
862 2905 908 2978 ad
921 2906 1107 2979 Seleuciun
1119 2904 1311 2995 deficiunt,

213 3033 405 3113 atcumque
427 3040 586 3114 pronum
605 3018 679 3113 jam
700 3044 746 3089 ex
767 3016 995 3090 aemulatione
1016 3018 1153 3116 gloriae,
1174 3017 1310 3091 bellum

217 3125 466 3222 oLysimacho
488 3126 624 3203 inferre
650 3129 883 3230 compellunt.
905 3129 1081 3200 Ultimum
1102 3128 1175 3199 hoc
1198 3142 1311 3200 certa·

282 3304 304 3355 1.
318 3303 342 3355 3.
358 3309 505 3358 Portentmn.
525 3308 617 3372 Quum
636 3319 761 3379 sequatur
836 3326 860 3377 7.
880 3308 1008 3359 Seleucum.
1028 3308 1069 3359 De
1081 3304 1193 3360 Seleuco
1210 3304 1311 3376 respice

246 3381 358 3433 verbum
374 3383 493 3455 ejusdem
505 3385 616 3455 originis
626 3386 760 3457 portende·
800 3384 885 3451 XVI,
900 3406 929 3451 s,
944 3405 968 3440 1.

247 3458 303 3524 bat,
319 3461 404 3515 Gron.
423 3482 488 3517 arus
501 3464 612 3534 corrigit
620 3464 759 3535 prodigium
836 3466 861 3517 8.
876 3471 981 3517 Pronum
986 3466 1049 3535 jam.
1059 3461 1312 3516 Scilicetadbellum

247 3556 281 3591 ex
291 3538 355 3606 XL,
373 3562 404 3605 η,
425 3560 455 3607 1,
472 3541 551 3594 autri
570 3542 683 3595 retinere
695 3544 760 3597 velis
800 3544 919 3598 Thracis
945 3543 1002 3614 regi
1037 3538 1215 3594 inferendum.
1244 3540 1312 3593 Nam

239 3629 392 3688 portentum,
407 3638 469 3672 cum
484 3620 570 3673 Fabro
587 3622 690 3693 corrige
709 3627 760 3694 sig·
799 3636 891 3677 auctor
906 3642 985 3694 snpra
1003 3624 1058 3694 jam
1074 3620 1143 3686 XV,
1163 3627 1194 3686 4,
1213 3620 1312 3685 πδηά,

245 3694 371 3763 nificabat.
386 3729 420 3739 -
440 3702 510 3750 Dira.
530 3700 641 3773 Scilicet·
652 3720 759 3773 gravem
798 3703 884 3755 statim
903 3714 963 3774 post
982 3718 1079 3755 annum
1098 3699 1179 3753 Urbis
1200 3696 1313 3752 conditu

246 3772 366 3828 Deorum
377 3776 453 3831 iram.
799 3782 850 3845 453
862 3794 951 3835 namet
966 3782 1106 3836 Seleucum
1122 3776 1249 3831 Demetrii
1266 3794 1312 3829 so-

283 3861 310 3916 l·
323 3862 433 3909 ramses.
447 3857 698 3930 Simileexemplurn
708 3858 757 3911 ha·
799 3860 870 3913 cium
887 3859 984 3913 lactum
1000 3857 1125 3913 adversus
1142 3856 1314 3911 Ptolemaeum

245 3931 295 3985 bes
304 3932 372 3985 infra
382 3934 759 4003 XXXIV,4,r.—Arsinoe.
799 3950 826 3990 et
853 3939 1040 4013 Lysimachum
1063 3954 1069 3989 :
1098 3934 1196 3989 deinde
1223 3945 1314 3987 tamen

245 4010 379 4063 Ptolemaei
394 4014 460 4085 Lagi
472 4016 539 4082 filia,
551 4035 609 4088 cap.
622 4036 652 4081 s,
664 4019 681 4068 6
695 4030 721 4069 et
731 4037 757 4087 7.
799 4015 884 4082 xv1‚
906 4037 938 4083 r,
959 4038 989 4081 r,
1003 4012 1119 4067 eundem
1136 4014 1179 4066 hir
1189 4015 1313 4086 junctum

246 4087 371 4139 Arsinoes
388 4108 463 4149 soror
475 4094 611 4166 Lysandro
622 4114 691 4149 uxor
707 4096 759 4151 luit
798 4094 933 4149 Demetrio
952 4095 1050 4148 bellum
1064 4092 1183 4146 intulisse
1198 4108 1315 4163 eumque

246 4165 407 4237 Agathoclis.
798 4172 890 4228 virum
902 4173 1009 4245 cepisse.
