2967 4684
219 242 290 386 466
645 295 856 366 JUS'PINI

218 421 419 520 pertinacia
443 416 672 508 accenditur,
696 433 787 506 rata,
814 443 893 491 non
921 418 1174 494 misericordiae
1199 417 1277 496 hnc

219 531 347 622 verba,
359 531 423 604 sed
439 533 573 604 amoris
584 555 671 604 esse.
683 535 829 628 Itaque,
843 533 978 603 vocatis
992 531 1069 630 ipsa
1086 530 1277 622 militibus,

173 670 204 705 ιι
220 645 344 734 mittit,
361 644 424 741 qui
444 665 604 716 sororem
623 639 873 716 confoderent.
890 643 960 732 Qui
981 656 1023 712 ut
1042 643 1081 712 in
1104 641 1277 740 templum

219 756 467 844 intraverunt,
483 777 596 851 quum
612 751 763 824 evellere
780 775 859 824 eam
873 777 951 824 non
966 767 1133 852 possent,
1146 776 1278 824 manus

219 864 455 964 amplexantis
466 869 550 938 Dea
561 863 792 936 simulacrum
803 861 1165 963 praeciderunt.Tunc
1176 863 1278 936 Cleo

219 992 320 1074 patra
352 977 597 1048 exsecratione
629 975 911 1074 parricidarum,
939 975 1109 1054 mandata
1137 974 1278 1048 violatis

175 1108 205 1144 1²
219 1084 433 1159 numinibus
449 1085 588 1157 ultione
605 1088 681 1175 sui,
697 1085 848 1159 decedit
862 1091 940 1162 Nec
960 1085 1076 1160 multo
1097 1102 1200 1187 post,
1216 1111 1278 1158 re·-

216 1201 331 1296 petita
347 1197 459 1296 praelii
480 1198 755 1296 congressione,
769 1200 884 1272 victor
904 1200 1103 1296 Cyzicenus
1125 1223 1277 1270 uxorem

218 1309 335 1408 Grypi
346 1306 605 1407 Tryphaenam,
621 1334 700 1407 quae
713 1309 835 1409 paullo
853 1325 937 1382 ante
953 1335 1115 1384 sororem
1131 1307 1278 1382 interle-

218 1435 334 1510 cerat,
356 1421 471 1518 capit,
493 1420 641 1516 ejusque
667 1420 845 1521 supplicio
871 1424 995 1494 uxoris
1019 1420 1190 1492 manibus
1216 1445 1278 1520 pa-

216 1546 380 1602 rentant.

190 1671 203 1704 1
266 1645 323 1711 IV.
336 1644 382 1711 At
397 1641 436 1710 iu
451 1643 603 1738 AEgypto
616 1641 807 1739 Cleopatra
821 1668 935 1740 quum
956 1658 1162 1739 gravaretur
1178 1644 1278 1712 socio

217 1752 339 1846 regni,
357 1748 435 1820 filio
455 1749 665 1838 Ptolemaeo,
683 1753 862 1850 populum
881 1756 922 1826 in
946 1779 1031 1826 eum
1049 1755 1195 1842 incitat;
1216 1751 1279 1824 ab·

219 1859 398 1957 ductaque
416 1861 451 1932 ei
467 1861 594 1934 Selene
614 1887 747 1950 uxore,
765 1887 810 1934 eo
826 1863 1029 1961 indignius,
1045 1862 1146 1961 qnod
1160 1887 1206 1934 ex
1223 1865 1280 1934 Se-

96 2002 101 2010 ·
218 1969 301 2042 lene
315 1972 390 2066 jam
406 1969 499 2044 duos
513 1971 607 2044 tilios
620 1971 795 2062 habebat,
809 1975 969 2046 exsulare
986 1977 1097 2072 cogit,
1110 1973 1280 2046 arcessito

218 2085 361 2154 minore
374 2081 451 2155 filio
467 2083 686 2172 Alexandro,
702 2101 739 2158 et
756 2111 840 2183 rege
859 2088 899 2156 in
916 2085 1038 2157 locum
1053 2083 1175 2156 fratris
1192 2108 1281 2156 con·

191 2194 370 2265 astituto:
392 2218 462 2266 nec
485 2192 602 2267 filium
627 2221 743 2293 regno
767 2197 946 2294 expulisse
974 2209 1167 2282 contenta,
1186 2193 1282 2266 bello

219 2303 331 2399 Cypri
346 2303 568 2376 exsulantem
586 2299 827 2404 persequitur.¹
846 2305 954 2380 Unde
971 2307 1093 2406 pulso,
1109 2303 1283 2378 interficit

219 2409 350 2480 ducem
378 2413 557 2484 exercitus
584 2416 657 2501 sui,
681 2414 783 2510 quod
809 2416 932 2486 vivum
960 2439 1044 2485 eum
1068 2438 1089 2484 e
1114 2411 1283 2484 manibus

220 2518 430 2592 dimisisset:
444 2547 663 2620 quamquam
675 2524 888 2597 Ptolemaeus
898 2523 1117 2596 verecundia
1128 2524 1283 2594 materni

190 2628 323 2720 abelli,
340 2657 418 2704 non
434 2633 572 2706 viribus
587 2639 726 2725 minor,
745 2632 791 2705 ab
808 2635 925 2706 insula
941 2636 1155 2706 recessisset.
1171 2635 1284 2729 Igitur

220 2739 439 2830 Alexander,
452 2746 598 2814 territus
611 2743 681 2816 hac
695 2747 820 2817 matris
833 2745 1059 2833 crudelitate,
1069 2745 1190 2842 etipse
1205 2767 1284 2814 eam

219 2849 384 2947 reliquit,
406 2853 611 2949 periculoso
636 2880 758 2951 regno⁴
779 2879 943 2927 securam
965 2880 1008 2928 ac
1035 2869 1151 2926 tutam
1175 2856 1284 2924 vitam

255 3073 297 3107 ιο.
320 3059 416 3106 Vocatis
434 3061 486 3128 {osa
503 3059 628 3125 militnm,
645 3065 729 3125 malit,
772 3062 922 3115 Alexandro
944 3064 977 3125 l,
997 3063 1039 3115 cui
1061 3061 1193 3114 Lathnrus
1214 3080 1286 3114 anno

220 3139 291 3208 qui...
308 3135 473 3200 wnfoderent.
487 3139 655 3209 Quamquam
673 3141 733 3194 lati·
772 3141 853 3192 Urbis
873 3138 986 3194 conditu
1007 3145 1058 3202 640
1079 3140 1170 3212 Cypro
1191 3139 1286 3192 cedere

220 3213 281 3268 nior
303 3226 342 3266 est
365 3213 496 3268 Gronovii
518 3217 560 3270 avi
582 3218 732 3272 correctio:
772 3218 891 3288 cogitur,
908 3230 934 3271 et
950 3221 1001 3282 646
1016 3219 1133 3290 AEgypto
1146 3217 1220 3288 ipsa,
1231 3220 1287 3288 jam

219 3305 320 3344 vocans
330 3293 414 3344 nilla
426 3297 504 3348 mittit
773 3295 829 3366 ipse
852 3296 943 3369 Cypro
965 3307 1105 3348 contentus
1127 3294 1161 3350 ad
1187 3313 1287 3350 anuum

257 3389 299 3425 ιι.
310 3371 423 3424 numm.
430 3373 525 3444 Aptius
533 3373 734 3446 est‚qnodcor·
773 3393 858 3447 usque
870 3380 999 3446 664,ῳο
1012 3375 1118 3428 fratrem
1129 3393 1190 3428 rum
1203 3373 1288 3446 ipsius

219 3449 285 3522 rigit
302 3451 387 3504 Grcn.
401 3469 466 3504 avus
483 3453 589 3505 usellen.
606 3485 640 3493 -
651 3460 733 3505 Bsse-
773 3471 856 3506 uxore
869 3452 981 3517 occidit,
994 3473 1040 3506 sua
1053 3453 1135 3524 ipsius
1150 3453 1211 3506 lilia.
1225 3455 1286 3506 Jsm

221 3532 335 3582 eratione.
344 3531 424 3582 Recte
432 3529 517 3582 Gron.
526 3531 651 3602 avuslegi
660 3533 733 3586 vult:
773 3532 829 3603 ipse
842 3532 938 3584 iterum
951 3532 1022 3584 solus
1032 3543 1125 3602 regnat
1136 3529 1170 3584 ad
1183 3549 1286 3584 annum

220 3627 274 3658 cnm
286 3606 495 3660 exsecrationum,
762 3629 855 3682 ,usque
873 3615 933 3682 672.
947 3611 1067 3683 Cyprum
1084 3621 1188 3674 sutem,
1205 3628 1286 3681 qnam

255 3685 309 3739 IV.
326 3705 349 3740 r.
362 3693 398 3738 At
408 3689 435 3738 in
445 3691 552 3757 AEgypto
561 3698 612 3740 etc.
621 3689 733 3759 Respice
773 3687 870 3742 deinde
882 3707 923 3742 an.
938 3693 989 3757 690
1003 3688 1113 3742 Lathuri
1126 3687 1196 3740 lilius
1207 3700 1285 3740 natu-

222 3782 279 3834 mp.
293 3765 325 3828 3,
346 3781 401 3816 ι-ι.
416 3795 452 3806 -
468 3769 567 3818 Suco...
575 3763 634 3833 filio
649 3767 732 3818 Ptole·
772 3765 833 3820 ralis
846 3767 959 3838 accepit,
972 3769 1016 3820 hic
1030 3785 1071 3820 an.
1095 3769 1146 3834 696
1165 3777 1288 3819 marmus

222 3860 290 3891 meo.
302 3842 355 3894 Aut
367 3842 457 3912 potius
466 3845 570 3907 socium,
575 3841 656 3910 filium
669 3851 731 3896 Pto·
772 3844 842 3916 legat
854 3845 994 3910 Romanis,
1006 3845 1052 3917 qui
1064 3844 1103 3898 M.
1116 3844 1216 3897 Catone
1227 3843 1288 3896 Uti-

222 3919 342 3983 lemoerm,
357 3933 388 3973 ut
399 3933 470 3973 recte
480 3921 578 3993 corrigi
589 3922 647 3974 vult
660 3923 731 3976 Grae-
773 3924 843 3978 censi
852 3924 906 3978 hnc
914 3925 993 3977 misso
1002 3961 1011 3989 ,
1019 3923 1168 3976 insulamiu
1177 3921 1289 3994 provin·

221 3997 280 4049 vius
291 4013 352 4048 cum
362 3997 445 4052 Gron.
455 4017 518 4062 avo,
526 4013 556 4052 ut
564 3999 630 4064 XX,
646 4017 675 4063 a,
689 4019 730 4054 ra.
773 4002 819 4056 cire
832 4003 944 4056 sormam
955 4000 1090 4071 redigunt.

222 4104 256 4115 ...
278 4073 429 4126 Alexandro.
454 4076 562 4128 Scilicet
591 4077 732 4132 Ptolemaeo
809 4099 833 4136 a.
848 4082 970 4132 -Anno
981 4080 1062 4134 Urbis
1072 4077 1186 4134 condita
1196 4079 1257 4140 640.
