2967 4684
386 352 764 426 HISTORIARUM
789 354 949 426 LIBER
974 356 1080 424 XIX.
1194 353 1263 427 325
1321 455 1324 472 ι

203 588 1265 621 mmmmmvvssstffl

511 792 746 896 LIBER
786 791 948 895 XIX.

200 1240 226 1307 Ι.
245 1210 388 1330 Maso,
402 1242 755 1343 Carthaginiensium
768 1250 978 1345 imperator,
993 1267 1106 1341 quum
1122 1246 1259 1341 primus
1274 1278 1286 1313 ι

200 1354 381 1441 omnium,
395 1354 561 1426 ordinata
576 1356 766 1458 disciplina
784 1357 947 1443 militari,
967 1356 1158 1453 imperium
1180 1359 1259 1426 Poe-

199 1484 333 1531 norrun
360 1463 604 1555 condidisset,
629 1470 795 1567 viresque
827 1467 1001 1554 civitatis,
1028 1489 1106 1536 non
1138 1466 1260 1537 minus
1296 1550 1301 1561 x

198 1565 357 1643 bellandi
369 1588 463 1663 arte,
477 1602 586 1673 quam
598 1580 745 1668 virtute,
760 1577 952 1666 firmasset,
967 1576 1063 1647 diern
1081 1574 1260 1673 fungitur,

197 1679 330 1753 relictis
351 1683 494 1756 duobus
519 1684 621 1773 filiis,
644 1687 867 1761 Hasdrubale
890 1702 926 1759 et
949 1684 1174 1757 Hamilcare:
1195 1686 1286 1783 quis

197 1813 263 1887 per
269 1794 414 1891 vestigia
424 1810 583 1891 paternae
594 1798 736 1869 virtutis
749 1798 994 1883 decurrentes,
1005 1796 1109 1867 sicuti
1122 1799 1257 1892 generi,

195 1903 244 1973 ita
266 1917 303 1973 et
324 1903 563 2001 magnitudini
588 1910 700 2004 patris
725 1920 986 1977 successerunt.
1014 1908 1077 1977 His
1102 1904 1286 1977 ducibuss

158 2022 161 2027 ’
193 2012 364 2085 Sardiniae
390 2013 525 2085 bellum
555 2016 717 2105 illatum;
752 2016 922 2089 adversus
951 2013 1057 2087 Afros
1088 2042 1256 2113 quoque,

193 2123 342 2220 vectigal
354 2148 421 2220 pro
433 2124 510 2195 solo
521 2123 624 2196 urbis
635 2126 833 2197 multorum
843 2150 1026 2197 annorum
1034 2139 1257 2220 repetentes,

195 2232 404 2303 dimicatum
419 2261 428 2303 ε
443 2232 506 2303 sed
525 2231 697 2305 Afrorum
719 2238 824 2305 sicuti
846 2258 967 2305 caussa
987 2234 1133 2329 justior,
1149 2234 1198 2303 ita
1219 2246 1286 2313 etc

194 2337 343 2412 fortuna
363 2344 527 2438 superior
548 2338 638 2431 fuit3
658 2340 867 2441 bellumque
891 2367 974 2415 cum
997 2342 1054 2414 bis
1076 2342 1285 2415 solutiones

194 2452 375 2549 pecuniae,
403 2476 482 2522 non
512 2455 621 2523 armis
651 2450 809 2523 finitum.
839 2458 884 2525 In
913 2452 1074 2524 Sardinia
1108 2477 1285 2549 quoqueo

194 2560 396 2634 Hasdrubal
409 2566 564 2661 graviter
580 2564 806 2653 vulneratus,
818 2565 970 2662 imperio
985 2562 1174 2635 Hamilcari
1189 2562 1257 2634 fra-

193 2675 239 2744 tri
257 2674 407 2765 tradito,
426 2676 583 2747 interiit:
599 2678 701 2773 cujus
718 2690 890 2764 mortem,
906 2700 1018 2773 quum
1033 2674 1151 2747 luctus
1170 2677 1284 2757 civi-7

194 2787 293 2874 tatis,
306 2800 383 2857 turn
401 2802 437 2858 et
452 2786 637 2859 dictatura
652 2787 845 2879 undecim,
858 2803 894 2859 et
908 2784 1081 2885 triumphi
1099 2801 1255 2883 quatuor
1305 2777 1308 2785 ¹

228 2958 253 3012 1.
265 2978 289 3012 r.
303 2962 461 3015 condidam.
471 2962 628 3029 Fundarset,
639 2982 702 3016 con·
740 2961 825 3035 poerit
838 2961 954 3024 ᾰυιαίω,
973 2958 1101 3029 butrium.
1119 2986 1154 2997 -
1176 2954 1255 3009 Certe

193 3037 321 3091 ffimeseet
340 3040 391 3105 ita,
409 3053 441 3093 ut
456 3039 546 3094 denuo
564 3041 702 3095 conditum
742 3040 850 3114 quidem
861 3040 965 3091 dictator
973 3037 1097 3109 explicari
1106 3048 1193 3107 potest
1206 3035 1254 3087 dre·

194 3113 247 3169 dici
258 3130 353 3189 posset.
367 3148 401 3157 —
414 3122 539 3188 mugeto.
556 3123 704 3191 Desungitur
742 3130 823 3183 catus,
835 3122 967 3190 irnperium,
978 3132 1060 3189 eaque
1068 3114 1133 3167 mihi
1147 3116 1201 3165 sola
1214 3114 1255 3167 vi·

193 3192 257 3246 edd.
270 3194 351 3266 antiq.
365 3208 392 3248 et
403 3214 473 3248 unus
485 3198 544 3250 MS.
742 3195 821 3251 detur
833 3215 922 3249 caussa
935 3196 1014 3267 hujus
1030 3194 1105 3248 verbi
1118 3212 1132 3244 a
1148 3192 1254 3245 Justino

229 3291 254 3324 a.
268 3274 458 3343 Magnttodriu...
477 3285 645 3327 successerunt.
662 3275 703 3328 Ut
741 3294 777 3329 ex
797 3278 975 3328 Romanorum
996 3271 1028 3325 ad
1051 3270 1253 3341 Carthaginien·

193 3349 294 3415 ΧΧῙῙ,
307 3368 336 3417 ¹2
350 3371 373 3405 ¹·
741 3352 810 3407 sium
818 3370 905 3405 mores
911 3351 1022 3417 detorti,
1031 3348 1103 3422 quod
1113 3348 1253 3419 saepissime

227 3430 254 3485 3.
278 3432 413 3502 Vectigal...
435 3444 571 3504 npetentea
591 3431 702 3505 Respice
741 3431 940 3486 similitudinem
967 3448 1056 3483 rerum
1080 3444 1252 3499 morumque,

192 3508 306 3575 XVlll,
321 3510 354 3575 5,
366 3517 415 3577 ¹43
425 3512 485 3563 coll.
498 3510 583 3575 xlx,
596 3531 628 3575 a,
641 3518 666 3575 4.
740 3512 831 3584 potius
850 3529 928 3583 quarn
944 3509 1051 3582 propria
1071 3507 1166 3577 cuique
1180 3508 1254 3577 genti

227 3606 252 3659 7.
267 3592 406 3643 Meum.
418 3590 537 3643 Dictator
549 3590 700 3656 fuitsuffis,
741 3590 868 3646 vocabule
884 3588 1026 3661 respiciens
1041 3585 1160 3637 Juetinue
1181 3585 1253 3637 Noe-

191 3678 223 3720 ut
234 3667 270 3719 ita
281 3666 382 3733 xxn,
394 3688 424 3733 7,
436 3688 461 3739 7,
473 3689 529 3733 rex,
540 3668 630 3734 idest,
640 3686 702 3722 con-
741 3682 795 3733 ter,
812 3671 991 3721 Romanorum
1001 3663 1141 3727 voeabula,
1155 3664 1254 3716 caeteris

192 3745 233 3797 sul
249 3746 378 3810 urbanus,
393 3748 540 3818 explicante
551 3747 662 3817 Polybio
674 3758 702 3799 et
742 3748 864 3819 gentibus
877 3745 1008 3807 attribuit,
1019 3754 1137 3813 utsupra
1148 3741 1194 3807 11,
1207 3759 1252 3809 rr,

191 3823 278 3877 Livio.
290 3826 325 3877 Et
336 3824 408 3897 apud
422 3826 539 3880 Gellium
552 3824 595 3889 X,
609 3831 658 3889 ²4,
671 3826 700 3877 in
742 3827 789 3891 15,
801 3828 956 3898 praetorium
976 3822 1043 3874 inlr-a
1060 3820 1145 3885 XXI,
1167 3822 1197 3887 5,
1215 3838 1251 3890 7,

192 3902 699 3978 loooexCatonirOriginibueexritato,
739 3904 829 3969 aediles,
838 3916 865 3956 et
874 3900 1195 3968 XXX1,2,9,coesulem.
1204 3918 1252 3955 en.

192 3980 700 4054 HermibelCerthrginieneiuminItalie
740 4014 776 4026 -
802 3982 929 4054 triumphi.
960 3978 1083 4033 Victoriae
1107 3978 1252 4052 splendidae

192 4054 249 4110 dux
269 4058 366 4113 dieitur
384 4062 501 4124 detetur,
521 4073 552 4113 ut
571 4059 700 4114 dictatura
738 4079 813 4115 more
832 4064 1020 4114 Rornanorum.
1041 4057 1140 4111 Confer
1159 4059 1251 4111 Prole·

194 4136 273 4189 etiam
288 4138 412 4193 hocloco
425 4138 563 4194 commode
575 4140 700 4213 explicari
740 4158 852 4214 gomena
869 4156 931 4211 pag.
952 4139 984 4203 3,
1001 4156 1042 4191 nr.
1059 4143 1084 4201 4.
1102 4168 1137 4179 --
1156 4140 1249 4189 sturm·
