2967 4684
576 374 640 439 DE
662 374 892 443 JUSTlNO'.
1222 386 1263 462 4ι

203 499 278 561 Car.
296 494 355 559 IX.
372 492 483 557 Altero
502 490 615 581 praelio
632 490 742 579 (apud
757 492 861 557 lasum
874 492 1015 580 Ciliciae)
1032 496 1122 560 Darii
1141 499 1266 563 exerci-

249 614 320 662 tum
335 594 478 677 500,ooo
491 594 632 657 militum
643 592 761 675 vincit,
773 596 862 659 caesis
873 617 1007 682 71,ooo,
1019 598 1120 685 captis
1130 602 1266 682 4ο,οοο,

250 702 285 763 in
298 700 349 764 his
362 715 481 778 matre,
497 718 599 761 uxore
616 712 648 761 et
664 694 794 765 duabus
810 694 937 761 filiabus
949 698 1049 761 Darii.
1062 704 1098 761 A.
1111 700 1149 762 U.
1168 704 1244 778 421.

207 804 282 864 Car.
296 800 337 865 X.
353 800 423 863 lam
439 798 530 885 Syria
546 813 580 861 et
594 794 727 861 Sidonia
744 800 900 887 receptis,
920 798 1046 887 Tyrum
1059 802 1157 889 capit.

207 904 282 965 Cia.
305 901 362 964 xl.
386 898 558 980 ilbodum,
581 897 760 987 AEgyptum
777 915 811 965 et
832 901 979 966 Ciliciam
999 924 1066 967 non
1086 903 1268 970 resistentes

251 1002 384 1091 recipit,
402 1002 489 1065 lovis
502 1001 701 1065 llammonis
720 1000 807 1066 filius
828 1026 848 1066 a
870 1001 925 1068 dei
943 1004 1169 1071 sacerdotibus
1183 1008 1268 1073 salu·

251 1120 350 1168 tatur.

208 1208 284 1271 css.
308 1204 479 1270 XII-XIV.
501 1204 615 1269 Tertio
630 1202 775 1292 denique
793 1206 905 1295 praelio
928 1208 1039 1299 (apud
1056 1206 1271 1301 Gaugamela,

252 1310 321 1373 sive
333 1308 487 1374 Arbelam
503 1306 649 1395 Assyriae)
662 1308 799 1372 Darium
812 1306 955 1393 boo,ooo
965 1312 1126 1378 militibus
1136 1316 1274 1380 instruc·

253 1427 343 1494 tum,
366 1411 472 1476 tribus
491 1412 589 1492 hujus
612 1408 859 1477 conditionibus
875 1415 963 1503 pacis
989 1417 1123 1505 spretis,
1146 1414 1273 1499 fundit,

254 1530 288 1577 et
304 1516 348 1577 ita
364 1514 465 1577 totius
487 1514 569 1579 Asiae
592 1514 733 1602 imperio
752 1516 900 1603 potitur,
922 1534 1015 1605 capta
1036 1517 1133 1581 simul
1149 1515 1275 1607 ingenti
1347 1524 1371 1591 ‚¹

254 1614 363 1704 praeda
379 1618 484 1698 Susae,
501 1630 534 1681 et
550 1616 672 1697 majore
688 1632 818 1704 reperta
833 1617 1009 1707 Persepoli.
1024 1622 1062 1684 A.
1076 1619 1115 1683 U.
1132 1618 1207 1696 423.

210 1720 286 1783 Csa.
302 1718 371 1781 XV.
383 1718 483 1781 Dario
497 1720 593 1781 asuis
606 1716 781 1783 interfecto
792 1719 1012 1810 illacrymatus
1020 1723 1142 1805 victor,
1154 1743 1274 1811 corpus
1348 1743 1350 1748 ·

255 1843 346 1887 more
363 1820 454 1911 regio
468 1820 599 1911 sepeliri
611 1819 716 1901 jubet.
733 1822 771 1885 Α.
788 1822 829 1886 U.
846 1825 922 1902 424.

633 2033 757 2077 mass
779 2035 851 2079 111.

210 2196 288 2259 Cia.
304 2195 380 2258 1-11.
396 2194 539 2259 Absente
555 2191 761 2274 Alexandro,
772 2214 845 2279 quae
858 2208 947 2281 gesta
961 2193 1027 2256 sint
1042 2191 1083 2255 ab
1098 2191 1198 2273 hujus
1213 2190 1276 2255 du·

256 2295 351 2359 cibus
363 2310 477 2359 contra
493 2295 639 2373 Graecos,
656 2292 909 2357 Lacedaemoniis
927 2293 1068 2358 ducibus
1083 2294 1278 2358 rebellantes

258 2396 309 2483 (A.
326 2397 365 2460 U.
381 2394 483 2481 424),
499 2395 685 2483 Zopyrione
699 2418 718 2457 a
734 2394 963 2481 Scythis-fuso,
978 2414 1040 2457 nec
1055 2414 1123 2456 non
1134 2395 1277 2458 Alexan·

257 2496 335 2580 dro,
347 2498 440 2587 Epiri
452 2518 544 2587 rege,
557 2520 576 2559 a
590 2495 709 2561 brutiis
725 2517 818 2559 cuso.
835 2497 872 2559 Α.
886 2496 928 2558 U.
944 2493 1021 2573 423.

212 2603 289 2665 Car.
301 2601 421 2665 Ill-lV.
434 2598 630 2681 Alexander,
638 2598 801 2684 Hyrcania
814 2618 949 2685 quoque
961 2594 1149 2684 Maedisque
1161 2598 1278 2662 subac-

256 2704 314 2786 tis,
337 2725 414 2769 cuna
436 2700 600 2765 Thalestri
623 2700 789 2765 Amazone
811 2701 1020 2782 concumbit,
1041 2701 1278 2790 Persarumque

257 2831 276 2872 a
291 2830 324 2873 se
340 2808 504 2871 victorum
520 2804 601 2867 luxu
622 2803 784 2885 vincitur,
800 2803 985 2891 militesque
1001 2825 1078 2867 suos
1097 2802 1205 2870 eidem
1220 2805 1278 2869 ad·

258 2910 423 2976 suefacere
448 2904 581 2990 studet3
599 2906 733 2971 'Parthis
758 2906 872 2989 victis,
897 2906 1122 2997 Andragoram
1148 2905 1279 2975 Persam

281 3010 404 3076 raeficit.

216 3036 290 3179 cali.
307 3114 345 3177 V.
364 3113 513 3185 Subactis
527 3111 662 3175 Caucui
673 3110 822 3199 populis,
837 3132 936 3201 super
950 3113 1089 3177 Tsnaim
1101 3129 1133 3179 et
1150 3115 1184 3178 in
1201 3116 1280 3180 Bac·

259 3210 779 3301 trianisSogdianisquetredecim
788 3213 887 3278 urbes
897 3213 1021 3295 condit,
1032 3236 1113 3301 quas
1121 3216 1280 3281 militibus

260 3316 434 3395 seditiosis,
445 3314 580 3403 regique
596 3314 631 3377 in
646 3335 721 3377 suos
733 3314 879 3379 sevienti
889 3315 1015 3381 infestis
1025 3315 1177 3379 attribuit
1186 3316 1281 3381 habi·

180 3412 182 3419 ’
260 3418 392 3498 tendas,
406 3414 551 3481 vindicta
565 3414 608 3480 de
621 3417 716 3479 Besso
728 3418 816 3504 regis
825 3417 878 3479 sui
893 3418 1104 3482 interfectore
1119 3434 1235 3483 mmta.

215 3524 294 3588 Cas.
309 3522 363 3584 Vl.
388 3518 505 3584 Dolori
524 3515 566 3581 de
589 3516 675 3581 Clito
695 3518 784 3581 iuter
805 3508 994 3582 convivium
1013 3512 1281 3585 interlecto'fere

259 3623 492 3703 succumbens,
506 3619 697 3684 excitatura
714 3619 924 3685 Callisthene.

215 3728 292 3792 Cir.
310 3727 382 3789 Vll.
399 3726 507 3806 Quem
523 3734 558 3785 et
575 3720 697 3809 ipsum,
716 3744 823 3808 quum
842 3720 1068 3790 adorationem
1084 3740 1280 3807 recusasset,

258 3828 423 3896 interficit.
433 3828 504 3891 lam
516 3821 644 3887 lndiam
656 3829 754 3912 petit,
767 3822 1009 3912 Cleopbidique
1021 3822 1168 3907 cuidam,
1180 3823 1281 3889 ludo·

257 3956 333 3999 rum
356 3932 494 4022 reginae,
514 3947 656 4015 quacum
682 3928 925 4010 concubuerat,
950 3948 1089 4017 regnum
1116 3927 1280 4002 concedit.

261 4038 296 4099 Α.
314 4036 355 4099 U.
371 4038 447 4122 427.

214 4140 289 4201 Cse.
299 4136 389 4201 Vlll.
402 4136 489 4201 Poro
500 4152 652 4222 quoque,
665 4130 827 4199 ludorum
834 4136 905 4225 regi
912 4136 1137 4225 potentissimo
1151 4134 1280 4201 devicto
