2967 4684
285 304 308 376 6
657 306 676 373 J
685 304 866 374 USTINI

208 443 358 501 osexum
384 425 540 500 famosus
563 426 670 496 vitam
695 424 892 496 latrociniis
914 426 1074 496 mutavit.
1094 426 1289 521 interjecto

235 554 418 638 tempore,
439 563 552 638 quum
576 541 767 632 Syracusas
790 537 1042 624 concessisset,
1062 535 1291 634 adscitusque

207 670 223 723 7
235 653 274 722 in
287 652 463 722 civitatem
477 651 572 720 iuter
584 647 722 719 incolas
735 663 844 733 esset,
857 646 920 718 diu
933 648 1010 718 sine
1022 644 1095 718 fide
1107 644 1190 735 fuit3
1203 674 1290 746 quo

236 762 333 830 niam
349 784 417 831 nec
431 761 470 830 iu
485 757 642 836 fortunis
660 757 759 856 quod
773 759 967 846 amitteret,
980 782 1048 828 nec
1061 760 1102 828 in
1118 782 1292 830 verecun-

206 868 294 940 adia
315 869 413 968 quod
435 870 663 966 inquinaret,
680 867 815 940 babere
833 867 1022 940 videbatur
1042 894 1050 938 τ
1068 871 1108 940 in
1132 894 1291 958 summa,

235 983 429 1078 gregariam
441 979 604 1050 militiam
617 980 779 1069 sortitus,
796 1006 872 1052 non
885 982 1006 1052 minus
1019 995 1109 1052 tunc
1124 979 1292 1053 seditiosa

236 1117 343 1188 quam
358 1106 463 1162 autea
478 1091 574 1190 turpi
588 1093 678 1179 vita,
693 1093 730 1160 in
750 1115 858 1162 omne
876 1088 1016 1162 facinus
1029 1092 1293 1188 promtissimus
1371 1162 1375 1173 ,

206 1223 223 1276 9
236 1216 321 1274 erat.
335 1207 426 1274 Nam
442 1219 477 1275 et
491 1227 602 1274 manu
616 1217 802 1289 strenuus,
814 1215 850 1272 et
864 1201 902 1271 in
920 1199 1160 1272 concionibus
1177 1199 1293 1300 peria·

190 1338 223 1373 ιο
236 1313 377 1386 cuudus
390 1312 601 1396 habebatur.
619 1315 720 1384 Brevi
736 1305 865 1410 itaque
874 1312 1055 1398 centurio,
1065 1335 1108 1381 ac
1120 1308 1291 1408 deinceps

190 1411 219 1485 ιι
236 1422 404 1496 tribunus
435 1423 588 1498 militum
617 1420 731 1494 factus
757 1438 820 1495 est
848 1425 968 1495 Primo
995 1420 1093 1494 bello
1121 1420 1301 1494 adversus·

235 1536 390 1606 AEtnaeos
416 1559 547 1632 magna
573 1535 818 1632 experimenta
843 1535 898 1604 sui
922 1533 1152 1629 Syracusanis
1183 1530 1291 1602 dedit

190 1671 220 1706 12
234 1646 405 1741 Sequenti
425 1649 712 1743 Campanorum,
728 1660 865 1716 tantam
882 1643 927 1715 dc
946 1668 984 1714 se
1002 1667 1103 1742 spem
1122 1641 1309 1716 omnibus«

233 1750 337 1842 fecit,
355 1769 396 1826 ut
418 1757 456 1824 in
476 1755 597 1827 locum
617 1754 796 1827 demortui
820 1753 921 1826 ducis
940 1757 1174 1826 Damasconis
1191 1752 1291 1826 suffi-

189 1873 221 1927 13
234 1879 384 1936 ceretur.
400 1867 510 1962 Cujus
527 1890 677 1938 uxorem
694 1863 871 1938 adulterio
890 1865 1072 1962 cognitam
1091 1878 1174 1962 post
1194 1891 1292 1936 mor·

188 1993 220 2052 ιι
234 1989 305 2046 tem
318 1979 385 2047 viri
396 1979 434 2049 in
447 1977 716 2049 matrimonium
726 1975 873 2073 recepit
884 1979 960 2046 Nec
972 1973 1292 2070 contentus,quod

232 2111 277 2156 ex
292 2090 402 2186 inope
420 2103 570 2187 repente
589 2087 689 2159 dives
704 2085 821 2158 factus
839 2099 951 2174 esset,
965 2085 1152 2184 piraticam
1168 2083 1293 2154 adver-

189 2205 218 2260 15
232 2223 292 2269 sus
312 2201 462 2297 patriam
486 2201 655 2274 exercuit
676 2198 787 2270 Saluti
804 2199 837 2269 ei
860 2195 948 2286 fuit,
967 2197 1066 2294 quod
1086 2198 1176 2269 socii
1198 2197 1293 2294 capti

189 2321 220 2373 ιι
233 2309 390 2407 tortique
412 2308 457 2381 dc
479 2309 541 2380 illo
563 2324 796 2408 negaverunt.
818 2311 876 2380 Bis
900 2333 1078 2409 occupare
1101 2311 1293 2409 imperium

232 2423 489 2515 Syracusarum
504 2420 618 2492 voluit
631 2419 710 2500 :bis
725 2422 765 2492 in
784 2421 948 2494 exsilium
965 2436 1067 2494 actus
1084 2436 1148 2494 est

268 2607 292 2662 5.
311 2611 419 2660 Vitam...
435 2610 538 2660 mutavi.
555 2607 624 2660 Mire
641 2606 742 2662 dictum
821 2627 860 2662 ιο.
889 2611 1028 2661 Centurio...
1050 2608 1157 2661 tribunus
1181 2608 1291 2660 militam.

231 2703 282 2756 pro
295 2689 439 2738 sustentavit.
453 2687 515 2740 Vita
536 2687 606 2739 enim
618 2685 675 2757 ipsa
688 2705 743 2740 nou
781 2685 995 2757 Ἐιισιισιᾶφχιω
1009 2692 1147 2757 χιλίαρχοι·

232 2775 348 2816 mutatur
360 2764 517 2828 latrociniis,
530 2783 613 2836 quum
631 2775 658 2818 et
676 2765 742 2816 latro
821 2764 1292 2832 11.AEtnoeor.1ucolaeAEtnoe(Eunie)
1346 2800 1349 2804 -

233 2841 313 2898 vivat.
327 2872 359 2882 —
374 2841 424 2895 Hic
443 2842 482 2896 uil
500 2841 685 2896 miramonte
703 2855 743 2896 est
783 2843 885 2916 oppidi,
892 2845 1068 2898 AEtntemonti
1075 2841 1293 2916 impositi,1nessoe

232 2937 283 2992 pro
296 2923 355 2971 cite
365 2939 450 2989 genas.
463 2938 508 2972 ru.
782 2935 843 2976 ante
863 2922 995 2995 appellau'.
1012 2954 1046 2964 -
1065 2925 1107 2974 Sui
1127 2923 1291 2993 Syracusanis.

268 3001 294 3051 6.
307 3001 435 3068 Intery'ectc
444 3009 553 3069 tenpore.
565 2996 645 3050 Diod.
660 2997 742 3065 XIX,
783 3001 860 3065 Hoc,
874 3001 909 3053 ait
923 3001 1094 3072 bongarsius,
1109 3020 1191 3074 usque
1206 2999 1241 3053 ad
1252 3001 1290 3052 to·

235 3095 267 3140 a,
280 3087 381 3146 patrem
393 3077 496 3148 Rhegic
508 3077 613 3147 pulsum
621 3076 743 3130 Thermis
784 3099 836 3132 cros
848 3079 969 3133 abeunte
983 3079 1061 3132 bonis
1071 3078 1145 3131 libris
1157 3096 1165 3132 t
1179 3079 1240 3152 quia
1254 3091 1292 3132 ta-

234 3155 328 3208 Siciliae
348 3153 496 3208 consedisse
523 3167 626 3221 narrat,
647 3153 753 3208 deiude,
783 3151 1063 3212 meu'eiueiismanca
1075 3170 1143 3211 esset
1154 3159 1252 3222 oratio,
1267 3171 1295 3210 et

234 3251 294 3286 cum
304 3251 388 3305 puero
397 3235 536 3308 Syracusas
548 3233 684 3305 migrasse,
697 3235 743 3288 ubi
784 3237 812 3290 iu
827 3256 881 3290 uno
894 3237 951 3290 MS.
962 3224 1144 3307 reperiuntur,
1154 3237 1221 3289 nihii
1234 3255 1293 3288 mu·

234 3330 276 3364 an.
291 3319 357 3376 414,
369 3329 383 3363 a
394 3313 560 3366 Timoleonte
571 3313 600 3364 iu
611 3312 743 3366 civitatem
784 3327 839 3368 tare
850 3333 926 3368 cusas
939 3327 979 3370 est
988 3314 1161 3386 bongarsius,
1175 3313 1295 3386 quamvis

234 3391 267 3444 sit
280 3401 408 3461 receptus.
426 3391 497 3462 Ergo
513 3409 570 3463 qua
585 3393 608 3459 ς.
623 3391 667 3446 3-5
682 3409 743 3444 mr·
783 3412 814 3446 ea
827 3391 1163 3464 vaidesuspectesiut.1u.

234 3470 316 3536 ravit,
329 3470 396 3523 sacta
408 3467 515 3522 demum
523 3481 584 3522 sunt
595 3469 742 3542 Syracusis,
821 3491 862 3526 rs.
877 3474 1058 3542 Cumanorum.
1069 3471 1153 3524 Grcn.
1163 3489 1228 3524 avus
1237 3489 1295 3522 cor·

235 3567 308 3613 non,
331 3561 361 3601 ut
385 3549 481 3602 Noster
504 3547 613 3601 confuse
638 3561 743 3615 narrat,
782 3552 870 3622 rigere
878 3563 903 3604 te
910 3549 1230 3623 jubethmpanc(bello),
1239 3567 1294 3602 uon

235 3627 365 3681 Thermis.
379 3627 478 3682 Cetera
490 3645 596 3699 quoque
609 3645 656 3682 suc
669 3646 745 3681 more
784 3629 944 3692 necessario,
965 3646 1049 3700 quum
1069 3632 1241 3700 &spanorum
1262 3627 1297 3681 sit

235 3704 332 3759 Noster
344 3705 428 3759 effert.
440 3737 473 3747 -·-
486 3705 677 3778 Adscitusquein
687 3708 743 3758 civi·
784 3721 876 3762 contre
892 3707 1053 3778 Campsnos,
1072 3721 1104 3760 ut
1121 3707 1183 3773 111,
1197 3711 1227 3771 6,
1248 3725 1295 3770 ¹⁰3

236 3793 316 3836 tatem.
338 3787 377 3836 Ut
390 3783 461 3856 apud
480 3785 539 3838 Liv.
561 3783 675 3850 xxm,
695 3785 742 3850 51,
784 3785 1169 3852 XV,4,ss.Hosautemloca
1177 3785 1296 3858 quedam

237 3861 342 3914 adscitus
367 3865 392 3914 in
411 3867 533 3934 patriam
547 3861 618 3933 apud
632 3861 743 3916 Diodor.
785 3865 813 3918 in
826 3865 915 3920 Sicilia
925 3865 1053 3930 tenuisse,
1064 3876 1172 3918 testatur
1184 3863 1294 3917 Diodor.

236 3937 315 4004 XIX,
323 3945 579 4011 Μιληημφιθιίι.
591 3943 666 3994 Illam
673 3941 745 4007 lect..
786 3944 871 4010 XVI,
883 3947 1140 3999 6fl.-1>amascouis.
1151 3945 1239 4009 Quem
1247 3949 1297 3995 De·

237 4035 315 4088 quam
337 4018 420 4072 Gron.
443 4038 506 4072 avus
526 4021 651 4091 conjecit,
669 4021 746 4074 exhi·
786 4035 887 4076 mantem
899 4021 1018 4076 nominat
1027 4020 1108 4074 Diod.
1120 4021 1203 4084 XIX,
1216 4022 1241 4073 3.

237 4095 300 4149 beut
310 4094 369 4148 Ald.
379 4107 405 4148 et
413 4097 428 4148 J
431 4109 499 4150 unt:
509 4099 590 4169 vulgo
602 4101 699 4152 accitus.
823 4103 863 4156 13.
880 4092 1011 4154 Adultera
1021 4105 1151 4172 cognitam·
1169 4100 1243 4154 Nihil
1260 4097 1296 4152 dc
