2967 4684
434 355 812 431 alstoalnauu
837 358 996 429 L'IBER
1020 359 1070 430 11.
1216 382 1277 431 ror

220 482 315 553 Nam
328 481 358 552 si
370 481 464 579 ignis
474 484 589 579 prima
602 483 780 581 possessio
792 504 913 553 rerum
927 479 1010 569 fuit,
1023 482 1085 578 qui
1098 478 1281 581 paullatim
1291 492 1326 549 ιε

221 595 438 680 exstinctus,
458 593 579 665 sedem
601 594 707 665 terris
729 590 848 680 dedit3
871 590 1007 665 nullam
1032 593 1152 689 prius,
1173 616 1281 689 quam

221 701 554 799 Septemtrionalem
566 719 722 801 partem,
732 701 873 801 hyemis
885 705 1005 802 rigore
1017 700 1063 774 ab
1073 706 1156 799 igne
1170 726 1283 774 secre-

220 824 295 882 tam
309 812 420 884 :adeo
433 828 490 902 ut,
503 838 607 885 nunc
625 838 788 913 quoque,
802 812 902 885 nulla
919 815 1032 911 magis
1049 813 1161 911 rigeat
1176 808 1282 910 frigo-

220 919 330 994 ribus.
353 926 546 1026 AEgyptum
566 948 654 997 vero
676 940 713 997 et
733 938 851 995 totum
874 924 1059 1011 Orientem
1082 920 1280 993 tardissime
1294 943 1327 995 16

218 1045 481 1133 temperatum:
501 1038 635 1136 quippe
657 1039 719 1133 qui
739 1036 847 1106 etiam
871 1022 972 1105 nunc
991 1033 1144 1105 torrenti
1162 1029 1280 1104 calore
1311 1104 1314 1117 ,

218 1140 304 1213 solis
324 1159 501 1217 exaestuet
520 1145 629 1235 Quod
650 1148 681 1217 si
704 1169 832 1217 omnes
855 1144 1041 1243 quondam
1064 1158 1167 1215 terrm
1194 1140 1325 1221 sub-17
1371 1235 1376 1243 ¹

217 1274 341 1325 mersa
356 1253 544 1355 profundo
559 1254 725 1344 fluerunt,
737 1252 904 1354 profecto
916 1253 1148 1325 editissimam
1160 1276 1281 1349 quam·

216 1381 459 1461 quepartem,
473 1365 751 1438 decurrentibus
770 1367 890 1463 aquis,
908 1366 1064 1467 primum
1082 1362 1278 1452 detectam;

214 1466 416 1543 humillimo
435 1490 555 1544 autem
573 1476 650 1547 solo
671 1476 825 1547 eandem
846 1478 977 1572 aquam
996 1474 1192 1545 diutissime
1211 1474 1278 1544 im·

214 1594 410 1652 moratam:
423 1597 460 1654 et
473 1599 612 1681 quanto
624 1586 725 1683 prior
741 1608 894 1684 quaque
912 1608 996 1682 pars
1014 1599 1191 1654 terrarum
1209 1583 1324 1653 sic-18

214 1702 294 1759 cata
310 1691 370 1778 sit,
385 1705 486 1762 tanto
501 1694 602 1791 prius
617 1694 785 1766 animalia
800 1718 973 1793 generare
987 1696 1147 1793 coepisse.
1162 1698 1276 1765 Porro
1291 1720 1323 1771 19

212 1798 396 1895 Scythiam
426 1800 517 1873 adeo
546 1802 734 1876 editiorem
770 1802 942 1875 omnibus
974 1804 1080 1875 terris
1110 1828 1207 1891 esse,
1235 1818 1277 1875 ut

212 1926 346 1983 cuncta
366 1911 518 1984 flumina
537 1911 589 1985 ibi
609 1928 712 2003 nata,
728 1915 770 1985 in
791 1915 970 2002 Maeotim,
987 1927 1064 1983 tum
1083 1911 1215 1985 deinde
1234 1914 1275 1982 in

211 2022 404 2092 Ponticum
427 2038 465 2095 et
487 2025 694 2122 AEgyptium
721 2048 821 2095 mare
851 2023 1056 2095 decurrant
1084 2025 1275 2121 AEgyptum
1289 2046 1322 2083 πο

210 2146 349 2221 autem,
362 2158 442 2231 qua·
460 2148 514 2203 tot
530 2158 673 2231 regino,
687 2149 743 2205 tot
762 2134 976 2205 saeculorum
995 2156 1080 2203 cura
1099 2133 1276 2229 impensa·

211 2265 282 2337 que
298 2244 439 2313 munita
457 2245 520 2329 sit,
538 2258 574 2313 et
595 2244 767 2317 adversus
786 2244 860 2315 vim
882 2241 1149 2313 incurrentium
1169 2265 1276 2339 aqua·

210 2374 294 2420 rum
317 2353 427 2422 tantis
452 2366 588 2422 structa
611 2351 793 2440 molibus,
816 2366 871 2423 tot
897 2348 1002 2421 fossis
1028 2346 1194 2437 concisa,
1214 2364 1276 2439 ut,

211 2486 325 2558 quum
342 2460 401 2533 his
415 2476 623 2548 arceantur,
636 2461 706 2533 illis
721 2463 944 2560 recipiantur
961 2480 1079 2555 aquae,
1092 2456 1275 2528 nihilomi-

210 2597 280 2644 nus
300 2572 386 2663 coli,
402 2576 473 2644 nisi
495 2572 643 2645 excluso
659 2572 759 2660 Nilo,
774 2596 853 2644 non
870 2571 1049 2671 potuerit,
1068 2591 1145 2638 non
1166 2592 1274 2667 posse

208 2748 279 2817 puts.
294 2748 496 2802 Haerententia
510 2748 560 2801 fuit
575 2747 719 2813 Heracliti,
796 2764 838 2798 ao.
865 2749 968 2795 Strtceta.
994 2738 1064 2794 Edd.
1091 2740 1273 2815 antiquiores,

208 2843 287 2896 quem
307 2827 388 2880 Stoici
407 2828 512 2900 sequuti
530 2838 598 2880 eunt
619 2844 666 2880 m.
684 2858 719 2868 -
760 2821 1272 2899 quibuaadsentiturGratrimmtrueta.

211 2906 336 2977 Utriusque
354 2906 483 2976 primordi
504 2908 597 2977 ungine
618 2907 719 2979 Scyrias
759 2900 1274 2971 -Eeeluso(terra).1.e.inalreumre·

201 2984 370 3051 praesentale
383 2984 719 3057 antiquioressnntscythn
759 2978 845 3035 dacto.
854 3012 888 3021 -
900 2984 958 3032 Noa
967 2998 1047 3051 posse.
1060 2979 1098 3031 Ut
1110 2981 1273 3032 constructio

207 3058 355 3130 AEgyptiis‚
367 3060 423 3112 sive
435 3060 505 3132 igni,
519 3061 574 3114 eive
587 3080 654 3134 aqua
667 3074 718 3115 ten
759 3060 828 3115 iuter
835 3058 964 3130 longioris
973 3054 1077 3129 periodi
1090 3057 1211 3129 ambages
1222 3058 1271 3110 sibi

207 3150 296 3186 rernm
314 3136 405 3187 orbem
424 3149 512 3190 ortum
534 3156 592 3190 esse
612 3152 716 3193 statuae.
758 3150 882 3203 constet,
895 3154 992 3189 revoca
1008 3152 1041 3187 ex
1059 3134 1136 3187 initio
1149 3134 1271 3207 periodi,

207 3210 270 3263 Non
284 3224 338 3264 erat
352 3212 449 3284 igitur,
463 3232 511 3267 cur
527 3216 612 3268 Falter
627 3218 718 3271 mallet
758 3220 888 3289 Egyptians
901 3226 1010 3267 autem..
1025 3230 1075 3265 aon
1085 3232 1167 3285 posse.
1183 3230 1272 3266 ro.-

207 3292 300 3341 mte'one
312 3310 363 3362 pro
374 3294 475 3361 on'gme.
759 3292 996 3365 Exaggemn'emibus
1002 3310 1098 3361 nguat.
1112 3290 1184 3343 Edit.
1197 3292 1271 3345 Gre-

244 3369 285 3421 15.
293 3374 358 3430 Ram
366 3373 389 3422 st·
399 3372 463 3440 ι’μὺ
477 3381 527 3423 etc.
541 3371 604 3425 Seii.
615 3371 637 3424 ei
649 3372 719 3446 ignis
758 3373 829 3427 rien.
843 3392 875 3424 ea
891 3368 1103 3442 «gyemtionihm
1118 3370 1271 3425 Gronovius

205 3446 294 3517 primo
303 3446 420 3519 possedit
428 3466 471 3500 res
480 3447 626 3517 (mundum
637 3452 662 3519 ς.
673 3458 719 3518 14,
759 3450 956 3522 aggressionibus
968 3449 1026 3501 tine
1039 3465 1152 3519 euque
1161 3446 1271 3518 quidem

205 3536 237 3576 ut
249 3526 273 3591 ς.
287 3528 303 3577 6
316 3525 393 3579 initio
405 3529 520 3598 mmm).
759 3529 884 3583 lectiones
896 3528 989 3581 melius
999 3527 1105 3598 placent
1117 3539 1214 3579 nostra.
1223 3545 1269 3581 an.

242 3619 284 3673 ¹7·
293 3603 402 3655 Eadem
410 3624 506 3679 aquam
514 3606 556 3658 Ex
566 3606 716 3678 conjectura
758 3638 794 3649 -
806 3608 846 3660 De
857 3626 886 3660 m
894 3607 950 3678 ipsa
961 3617 1047 3659 autem
1057 3604 1269 3675 aggemta'om'bm,

206 3680 269 3732 aar.
288 3682 408 3736 Gronov.
424 3696 526 3737 nantem
536 3704 587 3758 pro
596 3684 716 3739 maden.-
756 3685 775 3738 i.
786 3705 825 3751 e.‚
839 3684 978 3757 aggeribus
986 3684 1269 3755 perregesexstructie.

176 3820 180 3829 ι
206 3757 330 3813 audacter
342 3760 430 3815 forsan
445 3775 473 3816 et
483 3764 559 3817 male.
574 3780 620 3816 ru.
756 3761 1038 3835 -Eaaggemtionibus
1048 3762 1109 3815 Nili.
1123 3764 1146 3815 1.
1157 3782 1180 3816 e.
1195 3776 1271 3819 teme

249 3856 289 3906 ¹9·
321 3840 440 3913 Scythiam
473 3842 603 3895 editiorem.
637 3840 715 3914 Virg.
757 3840 994 3916 aggeribusaNilo
1004 3838 1153 3895 exundante
1161 3843 1267 3897 relictis.
1358 3883 1361 3891 .

207 3916 305 3989 Georg.
321 3918 368 3985 11,
381 3939 449 3974 vers.
465 3929 535 3986 πάσι
757 3922 855 3975 —th'
862 3921 977 3972 audeatis
987 3918 1074 3971 limum.
1086 3920 1133 3974 Est
1143 3920 1171 3973 id
1181 3920 1269 3994 ipsum

205 4016 716 4079 flandum-afflammptaquamm.
757 3999 831 4073 quod
842 3997 953 4052 Diodor.
963 3996 996 4050 de
1005 3997 1059 4051 hoc
1070 3998 1178 4052 flumine
1188 3999 1267 4063 dicit,

205 4078 492 4141 cmftflhloibytmeniter
501 4088 707 4131 temni-antron.
757 4074 807 4128 τοῦ
819 4076 892 4128 Naias
903 4074 946 4126 rit
964 4074 993 4142 ἕξ
1005 4075 1143 4133 ’attumne
1156 4072 1207 4129 ἔμ’,
1221 4096 1269 4126 ιι-

604 4166 650 4203 ru.
758 4156 908 4221 resipuerat.
924 4168 970 4204 ln.
