2967 4684
386 313 767 384 HISTORIARUM
792 316 950 384 LIBER
975 320 1064 385 XII.
1184 324 1252 415 '247

192 448 360 507 sentante
391 434 527 530 majore
559 436 795 507 convivarum
824 452 934 535 parte.
966 444 1112 537 Itaque,
1142 456 1283 537 quuma

193 570 291 617 unus
312 569 333 615 e
354 544 503 616 senibus
524 544 658 632 Clitus,
676 542 810 615 fiducia
832 548 993 618 amicitiae
1015 548 1137 645 regiae,
1153 552 1255 645 cujus

194 654 350 753 palmam
372 653 538 743 tenebat,
559 655 771 727 memoriam
795 655 951 755 Philippi
975 673 1157 746 tueremr,
1180 661 1255 732 lau-

195 765 369 862 daretque
382 766 458 861 ejus
470 790 528 837 res
540 779 674 864 gestas,
687 765 780 839 adeo
792 792 913 865 regem
927 766 1099 858 offendit,
1112 787 1170 859 ut,
1183 772 1254 844 telo

195 900 217 947 a
239 875 388 947 satellite
415 890 539 973 rapto,
563 875 722 948 eundem
750 880 790 947 in
819 879 985 950 convivio
1012 882 1252 954 trucidaverit.

133 999 137 1007 “
194 988 275 1077 Qua
296 986 392 1058 caede
416 987 617 1077 exsultans,
636 1003 783 1060 mortuo
811 991 1054 1086 patrocinium
1077 992 1283 1090 Philippi,t

192 1095 410 1194 laudemque
420 1113 583 1197 paternae
600 1098 733 1169 militiae
753 1097 968 1195 objectabat.
981 1103 1176 1199 Postquam
1192 1116 1284 1175 εει-5

194 1207 302 1279 tiatus
318 1207 415 1279 caede
429 1211 572 1280 animus
590 1209 816 1305 conquievit,
833 1224 870 1281 et
887 1211 925 1279 in
949 1213 1008 1281 irae
1030 1211 1152 1283 locum
1174 1238 1253 1285 suc.-

194 1318 300 1389 cessit
316 1320 519 1407 aestimatio,
537 1316 649 1389 modo
672 1341 865 1415 personam
883 1321 1010 1409 occisi,
1026 1321 1137 1393 modo
1157 1348 1255 1395 caus-

193 1448 268 1499 sam
286 1426 478 1500 occidendi
498 1427 752 1518 considerans,
768 1432 890 1528 pigere
909 1456 992 1503 eum
1014 1429 1101 1504 facti
1121 1437 1253 1531 coepit:

194 1538 330 1636 quippe
355 1553 523 1637 paternas
546 1538 669 1612 laudes
695 1554 768 1611 tam
794 1540 967 1614 iracunde
993 1546 1171 1641 accepisse
1197 1562 1283 1633 se,s

194 1672 304 1745 quam
322 1674 392 1721 nec
413 1650 577 1721 convicia
596 1648 800 1735 debuissem
820 1654 1049 1749 amicumque
1071 1676 1195 1723 senem
1220 1668 1256 1725 et

192 1759 435 1848 innoxium,a
452 1786 491 1832 se
508 1762 669 1833 occisum
686 1763 783 1833 inter
802 1764 924 1861 epulas
941 1778 978 1835 et
991 1763 1138 1861 pocula,
1155 1763 1255 1835 dole·

192 1869 263 1941 bat
277 1872 414 1945 Eodem
427 1874 536 1970 igitur
549 1872 673 1944 furore
687 1874 727 1943 in
743 1876 1011 1971 poenitentiam,
1025 1900 1100 1971 quo
1113 1872 1253 1971 pridem
1266 1904 1283 1957 7

192 1982 231 2050 in
256 1983 365 2070 iram,
381 2007 525 2070 versus,
544 1984 637 2055 mori
658 1984 785 2055 voluit.
806 1987 966 2056 Primum
988 1987 1026 2055 in
1045 1984 1155 2056 fletus
1170 2002 1285 2082 pro-s

193 2115 333 2187 gressus
349 2091 517 2188 amplecti
532 2108 738 2179 mortuum,
750 2094 900 2165 vulnera
916 2108 1085 2181 tractare,
1099 2108 1135 2165 et
1154 2097 1256 2189 quasi

195 2201 355 2272 audienti
377 2199 544 2270 confiteri
564 2202 803 2289 dementiam;
822 2216 1006 2298 arreptum
1025 2203 1137 2272 telum
1157 2204 1196 2271 in
1218 2227 1255 2273 se

194 2312 322 2398 vertit,
349 2311 615 2407 peregissetque
639 2307 799 2396 facinus,
818 2312 888 2381 nisi
911 2310 1017 2379 amici
1040 2310 1256 2380 intervenis-

194 2434 285 2489 sent.
296 2420 431 2489 Mansit
442 2416 519 2488 haec
528 2420 695 2490 voluntas
706 2418 887 2489 moriendi
900 2420 1005 2489 etiam
1020 2417 1255 2515 sequentibus
1267 2450 1283 2501 9

194 2526 332 2599 diebus.
358 2534 565 2599 Accesserat
591 2529 690 2599 enim
716 2529 960 2627 poenitentiae,
985 2530 1138 2599 nutricis
1164 2554 1301 2618 suae,10

194 2639 328 2709 sororis
346 2637 446 2726 Cliti,
462 2636 682 2725 recordatio,
701 2639 805 2733 cujus
821 2638 981 2710 absentis
1001 2663 1084 2710 eum
1101 2640 1255 2712 maxime

194 2746 372 2844 pudebat,
398 2763 471 2819 tam
492 2745 626 2819 foedam
649 2748 699 2819 illi
720 2746 978 2819 alimentorum
994 2773 1144 2823 suorum
1161 2774 1255 2820 mer·
1269 2784 1298 2819 n

195 2855 320 2928 cedem
333 2857 529 2947 redditam3
542 2874 600 2948 ut,
614 2860 653 2929 in
668 2860 771 2954 cujus
789 2857 958 2930 manibus
973 2861 1164 2956 pueritiam
1179 2886 1255 2959 ege-

194 2980 270 3053 rat,
293 2966 400 3051 huic,
425 2969 568 3062 juvenis
593 2983 631 3039 et
657 2972 793 3058 victor,
815 2992 883 3067 pro
913 2966 1100 3041 beneficiis
1126 2968 1255 3043 funera

195 3078 402 3147 remitteret
424 3078 628 3176 Reputabat
654 3078 809 3169 deinde,
830 3094 1008 3177 quantum
1033 3081 1071 3151 in
1096 3083 1254 3151 exercitu
1270 3113 1301 3147 ι,

196 3212 282 3275 suo,
297 3202 475 3284 quantum
495 3188 591 3285 apud
612 3189 768 3261 devictas
787 3205 909 3288 gentes
926 3188 1129 3261 fabularum
1148 3206 1255 3286 atque

229 3381 281 3434 Vl.
295 3382 321 3437 3.
335 3382 418 3435 etms.
432 3382 510 3437 Cous.
529 3383 604 3435 Cart.
615 3382 703 3451 Vlll,
743 3405 827 3459 quum
842 3386 1044 3453 traditionibus
1058 3387 1255 3439 sitammam.

197 3479 230 3527 13
254 3461 358 3514 Arriam
381 3460 435 3531 IV,
457 3463 493 3529 83
518 3462 650 3517 Plutarch.
674 3463 704 3516 ln
779 3466 806 3519 8.
829 3465 935 3515 Vulnera
956 3476 1066 3515 tratura.
1088 3461 1163 3516 Idem
1184 3465 1256 3516 enim

194 3540 269 3593 Alex.
284 3540 379 3594 50-51.
745 3542 885 3597 censebant
904 3541 1022 3595 officium
1044 3558 1099 3593 esse
1122 3559 1183 3609 erga
1209 3540 1256 3593 de·

230 3626 255 3683 a.
276 3624 399 3671 Mortuo...
420 3618 564 3689 objectabat.
585 3620 634 3671 abi
651 3622 705 3691 jam
746 3622 850 3673 functos
864 3632 890 3671 et
903 3620 1063 3671 vulneratos.
1083 3619 1147 3671 Stat.
1168 3618 1254 3670 Theb.

194 3694 705 3770 adeilippum,abeoqueipsiuslaudis
746 3698 808 3763 Ill,
823 3698 886 3761 ιδῃ
901 3696 956 3761 xl,
969 3698 1030 3759 654.

194 3777 331 3845 praemium
344 3776 482 3847 exspectat
786 3792 826 3828 ro.
838 3776 929 3826 Sor-oris
938 3774 1000 3825 Cliti.
1011 3770 1171 3838 Hellanices,
1180 3772 1254 3825 Curt.

230 3852 560 3907 amarissimamque
578 3852 703 3907 Vocabu·
748 3853 837 3918 vnt,
852 3871 880 3916 r,
896 3872 938 3907 ar.

194 3931 250 3983 lom
263 3932 349 4003 ipsum
364 3950 379 3984 a
396 3932 486 3984 multis
501 3931 581 3985 codd.
601 3932 704 3986 exhilii·
783 3928 1083 3986 rudimentorumsul.
1099 3930 1254 4000 attestati.

195 4020 270 4073 tum,
296 4010 439 4079 Bongarsio
466 4012 606 4080 probatum
631 4029 704 4064 rece·
783 4008 1256 4069 nJabularumJlumorisctsermo-

195 4099 292 4155 perant
317 4088 490 4141 Bemecoerus
518 4102 546 4142 et
568 4088 706 4155 Gravius,
747 4089 797 4145 nis.
810 4090 851 4144 Ita
864 4090 974 4145 Sueten.
992 4088 1120 4161 Augyo,
1134 4105 1145 4141 1
1161 4106 1168 4139 ε
1184 4091 1256 4138 Coena
