2967 4684
281 433 285 449 Ι
339 345 721 416 HISTORIARUM
746 347 906 415 LIBER
929 345 1098 416 XXVII.
1179 346 1246 443 891

186 480 332 541 cantem
354 467 445 538 Asiae
468 466 733 564 possessionem
756 467 963 557 invasurus,
982 472 1156 542 victorem
1176 475 1251 544 An·

185 578 371 666 tiochum,
389 575 584 675 Gallosque
606 576 823 676 adgreditur.
844 581 922 654 Nec
940 577 1089 652 difficile
1110 583 1279 654 saucios,

188 691 310 764 adhuc
321 715 365 762 ex
380 689 565 790 superiore
577 691 852 788 congressione,
864 691 1006 789 integer
1014 693 1091 791 ipse
1098 691 1252 782 viribus,

188 817 344 903 superat.
354 806 403 873 Ea
416 825 574 899 namque
586 816 796 900 tempestate
808 802 932 872 omnia
943 801 1038 874 bella
1049 807 1090 876 in
1103 805 1251 876 exitium
1264 809 1282 865 3

189 917 279 987 Asiae
301 913 546 1012 gerebantur:
565 914 619 984 uti
641 914 797 1012 quisque
817 910 948 1014 fortior
968 909 1114 1003 inisset,
1134 915 1252 987 Asiam

189 1023 288 1098 velut
305 1023 464 1124 praedam
482 1023 698 1124 occupabat.
716 1023 885 1097 Seleucus
906 1039 944 1096 et
960 1025 1165 1098 Antiochus
1185 1025 1283 1098 ira-t

189 1150 262 1208 tres
278 1135 412 1208 bellum
432 1149 583 1236 propter
599 1135 718 1208 Asiam
736 1133 935 1234 gerebant:
950 1135 1254 1225 Ptolemaeus,rex

190 1249 353 1346 AEgypti,
373 1247 442 1320 sub
466 1249 585 1346 specie
610 1249 760 1319 sororias
780 1245 952 1334 ultionis,
969 1249 1059 1324 Asiae
1076 1247 1253 1320 inhiabat

190 1361 285 1430 Hinc
315 1359 492 1456 Bithynus
523 1365 726 1447 Eumenes,
756 1357 843 1430 inde
869 1357 987 1447 Galli,
1016 1356 1253 1435 humiliorum
1264 1363 1291 1418 ὅ·

189 1491 332 1568 semper
351 1471 574 1542 mercenaria
595 1493 745 1558 manus,
768 1469 888 1542 Asiam
910 1467 1252 1570 depopulabantur:

190 1603 304 1678 quum
318 1581 457 1653 interea
469 1605 579 1652 nemo
592 1579 766 1653 defensor
780 1583 870 1654 Asiae
883 1583 980 1652 inter
996 1596 1052 1654 tot
1064 1581 1254 1682 predones

189 1691 452 1763 inveniebatur.
467 1695 572 1764 Victo
589 1690 790 1780 Antiocho,
810 1715 924 1790 quum
943 1697 1128 1763 Eumenes
1141 1692 1285 1788 majo-s

189 1823 266 1871 rem
280 1817 422 1901 partem
439 1804 527 1874 Asiae
541 1817 770 1902 occupasset,
783 1827 830 1874 ne
843 1817 935 1874 tunc
948 1802 1098 1900 quidem
1111 1800 1256 1886 fratres,

190 1911 333 2010 perdito
350 1914 514 2011 praemio,
527 1928 677 2013 propter
692 1912 791 2011 quod
808 1910 945 1984 bellum
960 1912 1152 2010 gerebant,
1167 1935 1256 1984 con-

192 2023 342 2096 cordare
369 2039 572 2123 potuerunt
592 2052 600 2095 ε
624 2023 703 2113 sed,
728 2023 863 2096 omisso
891 2038 1045 2095 externo
1069 2021 1193 2109 hoste,
1216 2025 1256 2093 in

189 2148 358 2206 munium
384 2135 533 2206 exitium
553 2133 691 2206 bellum
717 2147 898 2232 reparant.
922 2139 967 2204 ln
988 2157 1033 2204 eo
1055 2131 1286 2207 Antiochus?

190 2243 315 2318 denuo
329 2248 464 2335 victus,
481 2246 681 2318 multorum
699 2242 842 2315 dierum
864 2240 949 2339 suga
971 2238 1155 2337 fatigatus,
1176 2256 1257 2312 tan·

193 2354 277 2428 dem
296 2357 340 2427 ad
358 2381 525 2430 socerum
543 2379 649 2428 suum
667 2363 916 2442 Artamenem,
928 2375 1050 2449 regem
1067 2351 1258 2451 Cappado-

193 2568 321 2636 69⁰·512·
335 2568 388 2634 Qui
406 2569 489 2641 igitur
504 2567 705 2642 Bidyniaemeri
744 2567 820 2620 Oret.
834 2564 850 2618 1
865 2564 1132 2636 adcurrenslqs
1145 2569 1181 2618 sic
1194 2568 1259 2620 esis·

192 2645 263 2711 vult,
276 2646 368 2699 iseum
379 2647 518 2702 Gronorio
530 2666 594 2712 svo,
605 2658 635 2699 nt
646 2646 704 2712 hic,
745 2649 815 2709 fisso,
831 2649 945 2718 quereiam
963 2657 1017 2696 orta
1030 2648 1111 2698 onnia
1125 2649 1255 2710 murem,

193 2724 322 2796 sicsupra
335 2725 436 2788 xvn,
454 2743 487 2791 s,
506 2744 555 2792 ro,
571 2724 705 2796 corrigere
746 2744 795 2798 qua
814 2736 950 2797 nmmo
970 2725 1025 2777 urbi
1043 2731 1159 2777 mm
1176 2723 1259 2792 saum

193 2801 300 2856 debebit
321 2803 473 2857 Nicomedes.
496 2807 548 2860 Res
568 2815 657 2858 sutem
679 2816 706 2858 et
746 2803 837 2854 esctdu
850 2803 999 2867 menie,
1018 2806 1079 2856 cim
1097 2823 1151 2856 erm
1171 2804 1260 2856 ciuibus

194 2881 391 2953 bimarisquntn
397 2885 708 2954 posnrletnomenssssse·
747 2901 833 2935 mus
848 2882 1075 2949 consensionis«
1092 2883 1201 2950 defessos
1217 2893 1263 2935 ast

195 2962 246 3022 ⁸5³5
256 2973 348 3014 auctor
357 2973 448 3016 noster
456 2963 553 3017 errarit
562 2963 590 3016 in
599 2963 707 3017 nornine
747 2980 883 3031 anagnu
893 2964 948 3031 regi
957 2973 1003 3013 ans
1012 2965 1107 3015 sationi
1114 2961 1208 3035 preda
1216 2962 1262 3029 fis·

195 3039 327 3111 Bithynia,
342 3039 402 3104 cui,
416 3051 447 3093 nt
462 3039 535 3104 dixi,
545 3041 708 3096 substituen-
747 3051 823 3094 unns.
837 3058 885 3094 m.

196 3113 262 3169 dum
282 3122 402 3188 Pergami.
424 3118 486 3172 Non
510 3118 598 3173 minus
621 3132 708 3172 sutem
784 3126 809 3183 4.
823 3120 973 3172 Ptolenoeus.
987 3119 1053 3190 Csp.
1073 3137 1107 3184 s,
1124 3121 1151 3171 6.
1164 3149 1199 3160 --
1213 3118 1261 3170 Sub

197 3195 318 3249 Gravius
331 3196 519 3260 hallucinatur,
533 3197 579 3268 qni
591 3198 709 3250 Attalum
749 3201 826 3268 specis
858 3200 957 3249 sororia
986 3198 1091 3248 usbon.
1123 3197 1162 3249 Ut
1192 3197 1261 3248 inire

197 3271 243 3325 hic
261 3273 367 3345 querit,
388 3275 514 3327 Eumenis
534 3275 658 3340 bouem,
674 3273 710 3329 de
750 3273 1260 3344 xxxvl11,1‚3;supn1v,a,s;
1280 3267 1284 3278 '

197 3352 710 3423 quolir.XXXV111,rs,nbiarsctor
750 3351 1262 3418 XVI11‚1,1.-Asraeusosarnt
1354 3383 1360 3395 ·

197 3441 319 3482 versatur
338 3429 367 3483 iu
387 3434 421 3484 A.
439 3433 475 3484 U.
500 3433 565 3496 663,
590 3444 617 3485 et
640 3431 710 3484 bello
752 3433 862 3485 Seleuco
880 3430 1000 3495 lonium,
1018 3430 1217 3500 Hellespontum
1234 3441 1263 3482 et

199 3509 420 3575 usus-Grecis,
437 3528 520 3582 quum
537 3511 634 3564 Noster
650 3511 678 3562 h.
692 3511 709 3564 l.
750 3508 1128 3578 Threcisrorsmeripiebat.-
1135 3506 1261 3578 Bithynus.

199 3599 319 3639 versetur
331 3587 360 3639 in
371 3589 402 3639 Δ.
412 3589 449 3640 U.
460 3589 521 3642 irs.
534 3617 567 3628 -
583 3591 708 3640 Victorem.
751 3589 806 3640 Ant
817 3586 906 3658 potins
918 3587 1093 3658 Pergamenus
1105 3585 1130 3651 s.
1145 3601 1169 3635 1.

200 3665 292 3718 Simile
305 3663 378 3736 apud
391 3665 449 3720 Lis.
462 3665 489 3731 l,
507 3667 557 3732 23,
570 3685 587 3736 9
601 3673 713 3720 :Memor
787 3667 814 3718 5.
832 3665 988 3716 nimum
1008 3681 1099 3733 semper
1117 3667 1264 3716 meraris

200 3747 323 3874 {Zoffl
335 3761 407 3817 quarn
421 3748 615 3890 sigmppgnoe
626 3747 709 3891 dapis,
752 3743 925 3875 Ἤοὲυιιῃ
920 3761 936 3794 ι
945 3742 1133 3872 metianum-xpm
1141 3741 1264 3796 mercede

325 3825 389 3874 scies
440 3834 463 3874 ct
555 3835 650 3888 ονομα
673 3845 712 3877 es·
752 3839 786 3876 co
824 3839 842 3873 n
925 3831 977 3872 tur.
1085 3839 1144 3872 orn.
1175 3833 1265 3874 sutem

200 3919 240 3953 sos
262 3841 444 3975 confectosqli‘,
460 3904 532 3954 arsut
548 3905 664 3956 uictorem
683 3923 713 3956 sc
754 3899 876 3974 conjicit3
890 3897 974 3950 lom
986 3902 1190 3972 mimsemper
1201 3919 1265 3952 ner·

203 3983 291 4032 sturm
304 3984 400 4032 anwci
411 3980 509 4049 (sicini
521 3984 654 4053 potentes)
666 3981 713 4033 ad·
754 3981 852 4031 maria
863 3995 956 4029 mus.
971 3993 1018 4030 nn.

200 4057 352 4126 grediantur.
365 4057 434 4111 Hinc
448 4059 602 4130 presagium
618 4059 715 4112 Sallus·
789 4061 815 4113 6.
829 4087 863 4098 -
876 4057 955 4108 Anno
968 4053 1048 4109 Urbis
1058 4054 1171 4110 condite
1183 4057 1243 4111 Sis.

204 4147 234 4186 tu
307 4153 366 4188 exct
395 4155 413 4188 o
432 4154 468 4188 nn
503 4157 536 4190 ru
578 4157 666 4192 omani
685 4156 714 4191 rn
810 4175 818 4190 .
959 4153 1037 4189 suun.
1122 4154 1140 4189 u
1209 4153 1265 4187 ore.

216 4134 288 4189 ”de
358 4135 395 4188 'di
434 4136 578 4208 'pe''ll
658 4137 694 4153 ’⁹
791 4141 945 4208 ymnos
1055 4136 1121 4192 sens
1156 4135 1208 4189 laxi
