2967 4684
225 371 296 445 350
646 367 856 438 JUSTINI

196 493 382 568 ssultaret.
402 491 516 586 Hujus
538 489 679 561 consilii
701 514 779 561 non
801 493 924 561 minus
944 469 1154 563 admirabile
1176 487 1283 564 silen-

226 605 334 690 tium,
357 626 467 700 quam
495 615 763 689 commentum,
788 598 875 690 fuit,
903 602 1040 700 populo
1069 601 1141 699 boc
1167 601 1285 676 solum

225 711 423 812 professus,
441 743 459 780 s
477 714 658 784 invenisse
682 737 719 783 se
746 714 903 785 victoriae
926 715 1020 784 viam
1041 741 1049 784 :
1070 714 1210 786 animos
1235 715 1283 785 illi

132 862 136 871 ·
226 839 368 896 tantum
388 826 427 896 in
451 823 599 896 brevem
621 821 821 895 obsidionis
845 825 1052 922 patientiam
1074 822 1284 896 firmarent:

139 985 148 994 -
225 934 302 1021 vel,
320 935 349 1005 si
369 935 429 1005 cui
449 942 561 1006 status
584 935 770 1032 praesentis
792 932 946 1006 sortunae
962 934 1185 1033 displiceret,
1200 935 1285 1007 dare

157 1109 163 1116 .
198 1069 265 1128 sse
292 1047 325 1114 ei
354 1043 562 1116 discedendi
589 1043 739 1115 liberam
770 1059 1022 1144 potestatem.»
1043 1047 1165 1136 Quum
1191 1045 1286 1116 mille

226 1157 387 1227 sexcenti
404 1155 665 1243 discessissent,
681 1170 828 1227 caeteros
846 1153 892 1226 ad
912 1154 1113 1226 obsidionis
1133 1157 1287 1226 necessi·

226 1282 334 1339 tatem
357 1265 542 1339 frumento
565 1281 602 1337 et
623 1265 805 1366 stipendio
830 1267 1000 1337 instruit:
1025 1267 1288 1364 quinquaginta

227 1393 367 1450 tantum
394 1402 519 1450 secum
546 1375 681 1467 talenta
707 1375 753 1446 ad
781 1391 995 1474 praesentem
1018 1399 1125 1447 usum
1152 1373 1288 1462 aufert,

226 1505 355 1561 caetera
380 1513 425 1559 ex
450 1486 556 1559 hoste
580 1487 727 1575 melius,
752 1511 861 1583 quam
887 1511 932 1557 ex
958 1486 1063 1558 sociis
1087 1501 1289 1584 paraturus.

198 1605 364 1674 somnes
373 1597 505 1669 deinde
516 1620 637 1668 servos
650 1597 812 1668 militaris
821 1600 950 1685 aetatis,
960 1597 1123 1669 libertate
1134 1597 1289 1668 donatos

226 1721 453 1781 sacramento
470 1707 605 1805 adegit,
618 1731 771 1805 eosque,
785 1722 821 1779 et
835 1709 1008 1804 majorem
1022 1722 1159 1806 partem
1177 1705 1289 1780 senne

227 1818 401 1908 militum,
414 1817 568 1889 navibus
581 1819 756 1918 imponit;
769 1833 885 1900 ratus,
898 1833 1082 1916 exaequata
1100 1821 1288 1916 utriusque

228 1928 368 1999 ordinis
388 1928 619 2017 conditione,
636 1943 799 2000 mutuam
822 1931 917 2000 inter
937 1955 998 2002 eos
1019 1933 1160 2002 virtutis
1182 1946 1290 2001 amu·

228 2039 401 2109 lationem
421 2037 580 2110 futuram
599 2066 607 2108 ε
627 2052 775 2109 ceteros
794 2063 920 2110 omnes
940 2038 985 2110 ad
1002 2037 1150 2110 tutelam
1168 2040 1290 2138 patriae

228 2149 385 2246 reliquit.
1039 2167 1042 2172 '

201 2305 213 2341 1
277 2261 317 2328 V.
332 2261 492 2357 Septimo
508 2259 617 2356 igitur
638 2259 781 2359 imperii
801 2283 917 2348 anno,
933 2259 1128 2332 comitibus
1148 2259 1293 2336 duobus

227 2369 358 2441 adultis
377 2367 478 2459 filiis,
496 2368 725 2467 Archagatho
742 2385 780 2441 et
795 2371 998 2460 Heraclida,
1014 2371 1116 2443 nullo
1137 2373 1292 2445 militum

228 2481 365 2550 sciente
391 2505 467 2576 quo
493 2479 706 2570 veheretur,
734 2505 881 2553 cursum
910 2484 949 2552 in
978 2480 1135 2554 Africam
1162 2482 1292 2582 dirigit

200 2629 215 2664 2
228 2593 350 2678 Quum
364 2615 493 2662 omnes
507 2605 569 2662 aut
585 2595 624 2662 in
642 2591 780 2662 Italiam
799 2591 997 2690 praedatum
1011 2617 1068 2682 se,
1084 2595 1197 2663 autin
1212 2597 1292 2664 Ser-

230 2700 366 2772 diniam
393 2705 507 2772 ituros
533 2701 742 2791 crederent,
763 2717 842 2772 tum
863 2704 1042 2800 primum,
1064 2704 1227 2803 exposito
1252 2705 1293 2775 in

230 2911 260 2952 ut
277 2899 376 2951 bellum
396 2901 453 2972 ipse
477 2901 506 2953 in
528 2900 741 2972 Peloponnesum
782 2915 934 2974 paraturum
957 2921 1029 2968 esse,
1049 2915 1079 2955 ut
1099 2903 1184 2971 XXI,
1213 2923 1242 2972 1,
1266 2911 1291 2970 4.

228 2977 397 3044 transferret3
422 2989 449 3030 et
469 2989 529 3050 post
550 2979 622 3031 buno
650 2979 740 3050 Scipio
817 2981 842 3032 5.
868 2985 977 3054 Eosque,
1005 2991 1030 3031 et
1051 2985 1164 3052 majorem
1189 2995 1293 3054 partem.

183 3091 189 3100 ·
228 3055 341 3122 Africani
361 3073 459 3109 nomen
485 3057 565 3128 longe
590 3056 740 3128 splendissi·
781 3058 859 3114 MSS.
872 3059 962 3112 Plures
973 3079 1058 3132 eosque
1070 3078 1101 3111 ex
1113 3062 1203 3131 majore
1210 3075 1291 3134 pem,

228 3153 303 3187 mum
316 3152 348 3186 eo
361 3134 472 3208 adeptus
485 3147 541 3200 est,
560 3146 591 3188 ut
607 3135 741 3188 Hanniba·
782 3155 831 3190 nec
847 3138 921 3189 male.
937 3153 983 3190 sn.
1003 3169 1036 3191 -.-
1049 3144 1214 3211 Exoequeta...
1235 3159 1294 3193 con-

228 3213 397 3278 lem‚hostem
403 3214 743 3284 gravissimumexlteliere·
783 3215 881 3266 ditione.
896 3215 987 3281 'Quum
999 3227 1025 3268 et
1035 3216 1149 3268 milimm
1162 3229 1188 3270 et
1204 3236 1293 3272 servo·

228 3292 356 3355 naheret,
367 3291 438 3343 bello
449 3292 477 3343 in
488 3291 600 3344 Africam
607 3294 740 3346 translato.
781 3311 841 3346 rum
854 3293 1032 3346 conditionem
1046 3307 1219 3366 exaequasset,
1239 3315 1295 3349 ser-

229 3371 315 3443 Atque
344 3369 372 3421 in
407 3369 548 3422 recentiori
581 3371 742 3442 populorum
782 3391 830 3424 vos
852 3372 970 3424 libertate
992 3369 1103 3425 donatos
1127 3373 1155 3425 in
1180 3374 1295 3428 militum

228 3449 420 3521 Europaeorum
443 3447 552 3501 historia
574 3450 657 3502 multa
682 3462 742 3505 sunt
783 3449 903 3504 ordinem
912 3452 1293 3526 recepisset.-llellquit.Conf.

228 3530 372 3581 multorum
394 3527 538 3598 insignium
554 3527 741 3600 imperatorum
783 3527 862 3581 Diod.
876 3529 945 3594 XX,
961 3535 985 3590 4.

230 3608 349 3678 exempla
362 3604 432 3658 idem
447 3605 635 3659 confirmantia.
817 3607 879 3660 Vn.
890 3607 1296 3676 Velureturselierenturl'enet„

265 3685 289 3737 3.
311 3691 431 3739 romane.
454 3685 537 3738 Gron.
560 3704 624 3739 avus
641 3686 740 3738 mavult
780 3685 916 3751 Ald.,Col
935 3699 962 3738 et
971 3687 1060 3738 Burni.
1071 3689 1297 3740 veterescentem

225 3763 328 3826 fortuna
343 3782 404 3816 casu
417 3763 595 3830 nominativo,
614 3770 644 3816 u't
664 3775 740 3815 states
780 3765 893 3836 legimus
905 3783 954 3835 pro
965 3765 1076 3827 velatur,
1093 3765 1219 3818 latinitate
1232 3784 1296 3838 pos·

230 3839 264 3892 sit
277 3841 417 3910 genitivus.
781 3841 896 3908 taleme,
909 3855 938 3895 ut
951 3846 974 3911 S.
988 3843 1018 3908 3,
1036 3855 1167 3914 superesset
1182 3861 1232 3916 pro
1251 3863 1296 3894 su-

268 3925 293 3980 4.
314 3919 380 3968 erto
395 3923 508 3972 sexcenti.
522 3922 598 3986 Quos
612 3939 661 3991 per
677 3937 741 3972 con-
777 3925 869 3993 persit,
887 3921 1050 3992 precedente
1071 3923 1201 3995 presenti.
1222 3923 1296 3974 Con·

232 3993 358 4048 ductitios
367 3995 509 4065 interfecit,
518 4017 663 4070 eorumque
673 3997 742 4050 bona
783 4002 974 4053 stantiaecausss
981 4001 1043 4053 edd.
1052 4001 1132 4074 antiq.
1143 4019 1235 4054 omnes
1244 4019 1296 4074 pro

231 4075 281 4126 sibi
297 4074 498 4146 arripnitvide
514 4075 661 4129 Diodorum
675 4078 741 4142 XX,
779 4081 905 4148 patiantur
933 4077 1064 4133 dederunt
1082 4091 1233 4152 paterentur,
1260 4107 1295 4120 -

236 4159 256 4215 4.
272 4185 305 4194 -
325 4159 465 4205 ramum.
486 4156 583 4208 Putsns
602 4156 699 4210 scilicet
716 4174 743 4209 se
784 4158 861 4210 Anno
874 4157 954 4210 Urbis
967 4163 1025 4220 444.
