2967 4684
360 359 744 432 HISTORIARUM
769 363 932 432 LIBER
955 363 1100 431 XXIL'
1137 430 1144 442 ,
1185 361 1254 457 357
1313 407 1317 419 ·

188 483 244 554 sui
263 480 445 568 desertor,
464 478 697 582 filiorumque
719 497 823 580 pater
845 481 1021 581 proditor.
1044 481 1195 554 Interim
1216 484 1254 552 in
1272 499 1302 550 13

188 589 309 663 Africa
322 606 405 690 post
416 589 538 690 fugam
550 593 659 690 regis,
670 591 802 664 milites
813 593 983 690 pactione
996 615 1079 662 crnn
1089 589 1257 663 hostibus

189 701 300 792 lacta,
313 695 512 775 interfectis
526 703 732 802 Agathoclis
746 702 887 792 liberis,
898 700 1257 800 Carthaginiensibus

189 839 226 887 se
245 812 434 886 tradidere.
451 813 701 912 Archagathus
718 838 832 912 quum
849 813 1077 886 occideretur
1090 810 1136 884 ab
1151 818 1257 885 Arce-
1271 833 1302 889 rt

189 925 297 1012 silae,
320 926 436 995 amico
466 939 573 996 antea
597 927 728 1024 patris,
753 926 894 1022 rogavit
918 949 1022 1014 eum,
1043 924 1257 1023 «quidnam

146 1025 149 1028 ¹
188 1035 311 1108 liberis
336 1035 413 1131 ejus
439 1033 620 1107 facturum
646 1033 882 1134 Agathoclem
907 1049 1030 1134 putet,
1055 1059 1121 1132 per
1148 1059 1256 1132 quem

188 1150 265 1247 ipse
287 1145 410 1218 liberis
433 1147 602 1218 careatis
623 1151 726 1218 Tunc
749 1146 959 1244 respondit,
979 1146 1098 1216 «satis
1120 1143 1258 1218 habere

189 1282 248 1346 se,
265 1257 365 1356 quod
378 1257 586 1355 superstites
600 1282 662 1329 eos
671 1281 752 1329 esse
767 1255 973 1354 Agathoclis
988 1253 1112 1326 liberis
1129 1257 1228 1326 sciat.
1238 1285 1256 1322 n

189 1373 276 1440 Post
303 1367 381 1439 haec
413 1369 517 1438 Poeni
549 1367 594 1438 ad
625 1366 919 1467 persequendum
949 1365 1035 1438 belli
1063 1365 1301 1464 reliquias,15

190 1479 302 1551 duces
320 1479 360 1572 in
381 1477 535 1550 Siciliam
557 1479 755 1567 miserunt,
775 1501 860 1549 cum
885 1475 1019 1575 quibus
1042 1473 1256 1574 Agathocles

100 1595 104 1609 '
190 1613 318 1690 pacem
336 1589 448 1686 aequis
467 1588 741 1661 conditionibus
760 1586 857 1660 fecit.

214 1717 702 1834 stonumujraacouauqutt,
743 1775 828 1816 „mm
839 1759 929 1815 aaut
941 1758 1053 1814 moror.
1074 1759 1144 1825 rx,
1163 1773 1257 1830 71-72.

189 1839 279 1892 liberis
290 1840 342 1892 tuis
352 1837 430 1891 faciet
439 1851 513 1912 pater
521 1858 610 1906 mens,
619 1852 703 1912 perte
781 1842 823 1895 15.
833 1843 906 1893 Fecit.
915 1840 971 1893 Hac
984 1837 1019 1892 de
1030 1849 1158 1892 renotem
1165 1838 1257 1891 confer

190 1915 703 1990 orbatusmefiliolCoeterurntyrnnnurn
743 1919 894 1972 Diodorum
916 1917 986 1983 XX,
1005 1934 1096 1990 7779.
1120 1946 1155 1958 -
1177 1917 1256 1969 Anno

190 1995 219 2049 in
232 1996 320 2050 Sicilia
332 1993 471 2050 suvlmime
482 1994 510 2048 in
524 2015 616 2051 omnes
631 2015 702 2067 gras·
743 1997 825 2052 Urbis
833 1995 947 2050 conditu
959 1997 1019 2059 448.
