<?xml version="1.0" encoding="UTF-8"?>
<!DOCTYPE html PUBLIC "-//W3C//DTD XHTML 1.0 Transitional//EN"
    "http://www.w3.org/TR/xhtml1/DTD/xhtml1-transitional.dtd">
<html xmlns="http://www.w3.org/1999/xhtml" xml:lang="en" lang="en">
 <head>
  <title>
</title>
<meta http-equiv="Content-Type" content="text/html;charset=utf-8" />
  <meta name='ocr-system' content='tesseract 3.04.00' />
  <meta name='ocr-capabilities' content='ocr_page ocr_carea ocr_par ocr_line ocrx_word'/>
</head>
<body>
  <div class='ocr_page' id='page_1' title='image "./justinihistoria00lemagoog_0482.png"; bbox 0 0 2967 4684; ppageno 0'>
   <div class='ocr_carea' id='block_1_1' title="bbox 332 381 1265 497">
    <p class='ocr_par' dir='ltr' id='par_1_1' title="bbox 332 381 1265 497">
     <span class='ocr_line' id='line_1_1' title="bbox 332 381 1265 497; baseline -0.008 -15"><span class='ocrx_word' id='word_1_1' title='bbox 332 408 719 482; x_wconf 80' lang='lat' dir='ltr'><strong>nisronmauu</strong></span> <span class='ocrx_word' id='word_1_2' title='bbox 744 381 905 476; x_wconf 79' lang='lat' dir='ltr'><strong>Linea</strong></span> <span class='ocrx_word' id='word_1_3' title='bbox 930 403 1113 475; x_wconf 81' lang='lat' dir='ltr'><strong>xxxvi.</strong></span> <span class='ocrx_word' id='word_1_4' title='bbox 1197 406 1265 497; x_wconf 76' lang='lat' dir='ltr'><strong>ta7</strong></span> 
     </span>
    </p>
   </div>
   <div class='ocr_carea' id='block_1_2' title="bbox 198 641 1267 678">
    <p class='ocr_par' dir='ltr' id='par_1_2' title="bbox 198 641 1267 678">
     <span class='ocr_line' id='line_1_2' title="bbox 198 641 1267 678; baseline -0.005 -6"><span class='ocrx_word' id='word_1_5' title='bbox 198 641 1267 678; x_wconf 57' lang='lat' dir='ltr'><strong>mmmmmfflfflmm</strong></span> 
     </span>
    </p>
   </div>
   <div class='ocr_carea' id='block_1_3' title="bbox 446 840 1015 948">
    <p class='ocr_par' dir='ltr' id='par_1_3' title="bbox 446 840 1015 948">
     <span class='ocr_line' id='line_1_3' title="bbox 446 840 1015 948; baseline -0.018 0"><span class='ocrx_word' id='word_1_6' title='bbox 446 843 684 948; x_wconf 86' lang='lat' dir='ltr'>LIBER</span> <span class='ocrx_word' id='word_1_7' title='bbox 729 840 1015 942; x_wconf 87' lang='lat' dir='ltr'>XXXVI.</span> 
     </span>
    </p>
   </div>
   <div class='ocr_carea' id='block_1_4' title="bbox 657 1107 805 1128">
    <p class='ocr_par' dir='ltr' id='par_1_4' title="bbox 657 1107 805 1128">
     <span class='ocr_line' id='line_1_4' title="bbox 657 1107 805 1128; baseline -0.014 0"><span class='ocrx_word' id='word_1_8' title='bbox 657 1107 805 1128; x_wconf 49' lang='grc' dir='ltr'><strong>Η</strong></span> 
     </span>
    </p>
   </div>
   <div class='ocr_carea' id='block_1_5' title="bbox 200 1266 1348 2607">
    <p class='ocr_par' dir='ltr' id='par_1_5' title="bbox 200 1266 1348 2607">
     <span class='ocr_line' id='line_1_5' title="bbox 200 1266 1296 1391; baseline -0.014 -24"><span class='ocrx_word' id='word_1_9' title='bbox 200 1301 228 1368; x_wconf 87' lang='grc' dir='ltr'><strong>Ι.</strong></span> <span class='ocrx_word' id='word_1_10' title='bbox 247 1266 489 1367; x_wconf 79' lang='lat' dir='ltr'><strong>chraaaaro</strong></span> <span class='ocrx_word' id='word_1_11' title='bbox 506 1307 662 1391; x_wconf 86' lang='lat' dir='ltr'><strong>paterno</strong></span> <span class='ocrx_word' id='word_1_12' title='bbox 679 1315 796 1390; x_wconf 84' lang='lat' dir='ltr'><strong>regno</strong></span> <span class='ocrx_word' id='word_1_13' title='bbox 819 1287 1044 1373; x_wconf 85' lang='lat' dir='ltr'><strong>Demetrius,</strong></span> <span class='ocrx_word' id='word_1_14' title='bbox 1062 1300 1099 1356; x_wconf 89' lang='lat' dir='ltr'><strong>et</strong></span> <span class='ocrx_word' id='word_1_15' title='bbox 1117 1288 1193 1384; x_wconf 86' lang='lat' dir='ltr'><strong>ipse</strong></span> <span class='ocrx_word' id='word_1_16' title='bbox 1212 1309 1269 1358; x_wconf 86' lang='lat' dir='ltr'><strong>re·</strong></span> <span class='ocrx_word' id='word_1_17' title='bbox 1285 1317 1296 1352; x_wconf 85' lang='grc' dir='ltr'><strong>ι</strong></span> 
     </span>
     <span class='ocr_line' id='line_1_6' title="bbox 200 1397 1273 1501; baseline -0.01 -24"><span class='ocrx_word' id='word_1_18' title='bbox 200 1431 284 1476; x_wconf 91' lang='lat' dir='ltr'><strong>rum</strong></span> <span class='ocrx_word' id='word_1_19' title='bbox 301 1403 472 1477; x_wconf 80' lang='lat' dir='ltr'><strong>successu</strong></span> <span class='ocrx_word' id='word_1_20' title='bbox 491 1417 706 1501; x_wconf 88' lang='lat' dir='ltr'><strong>corruptus,</strong></span> <span class='ocrx_word' id='word_1_21' title='bbox 717 1402 814 1473; x_wconf 87' lang='lat' dir='ltr'><strong>vitiis</strong></span> <span class='ocrx_word' id='word_1_22' title='bbox 830 1397 1083 1470; x_wconf 74' lang='lat' dir='ltr'><strong>adolescentia</strong></span> <span class='ocrx_word' id='word_1_23' title='bbox 1098 1399 1138 1466; x_wconf 93' lang='lat' dir='ltr'><strong>in</strong></span> <span class='ocrx_word' id='word_1_24' title='bbox 1157 1398 1273 1494; x_wconf 83' lang='lat' dir='ltr'><strong>segni·</strong></span> 
     </span>
     <span class='ocr_line' id='line_1_7' title="bbox 201 1508 1273 1611; baseline -0.009 -24"><span class='ocrx_word' id='word_1_25' title='bbox 201 1520 288 1590; x_wconf 88' lang='lat' dir='ltr'><strong>tiam</strong></span> <span class='ocrx_word' id='word_1_26' title='bbox 319 1516 475 1604; x_wconf 89' lang='lat' dir='ltr'><strong>labitur;</strong></span> <span class='ocrx_word' id='word_1_27' title='bbox 503 1529 721 1611; x_wconf 89' lang='lat' dir='ltr'><strong>tantumque</strong></span> <span class='ocrx_word' id='word_1_28' title='bbox 753 1525 982 1584; x_wconf 86' lang='lat' dir='ltr'><strong>contemtum</strong></span> <span class='ocrx_word' id='word_1_29' title='bbox 1013 1508 1110 1606; x_wconf 87' lang='lat' dir='ltr'><strong>apud</strong></span> <span class='ocrx_word' id='word_1_30' title='bbox 1145 1531 1273 1579; x_wconf 88' lang='lat' dir='ltr'><strong>omnes</strong></span> 
     </span>
     <span class='ocr_line' id='line_1_8' title="bbox 202 1617 1273 1726; baseline -0.007 -30"><span class='ocrx_word' id='word_1_31' title='bbox 202 1627 361 1716; x_wconf 82' lang='lat' dir='ltr'><strong>inertiae,</strong></span> <span class='ocrx_word' id='word_1_32' title='bbox 376 1639 558 1726; x_wconf 89' lang='lat' dir='ltr'><strong>quantum</strong></span> <span class='ocrx_word' id='word_1_33' title='bbox 574 1622 700 1695; x_wconf 89' lang='lat' dir='ltr'><strong>odium</strong></span> <span class='ocrx_word' id='word_1_34' title='bbox 715 1649 760 1695; x_wconf 85' lang='lat' dir='ltr'><strong>ex</strong></span> <span class='ocrx_word' id='word_1_35' title='bbox 774 1619 944 1722; x_wconf 82' lang='lat' dir='ltr'><strong>superbia</strong></span> <span class='ocrx_word' id='word_1_36' title='bbox 961 1633 1064 1718; x_wconf 88' lang='lat' dir='ltr'><strong>pater</strong></span> <span class='ocrx_word' id='word_1_37' title='bbox 1079 1617 1273 1708; x_wconf 85' lang='lat' dir='ltr'><strong>habuerat,</strong></span> 
     </span>
     <span class='ocr_line' id='line_1_9' title="bbox 202 1731 1301 1836; baseline -0.004 -26"><span class='ocrx_word' id='word_1_38' title='bbox 202 1738 395 1810; x_wconf 76' lang='lat' dir='ltr'><strong>connexit</strong></span> <span class='ocrx_word' id='word_1_39' title='bbox 417 1743 545 1836; x_wconf 89' lang='lat' dir='ltr'><strong>ltaque</strong></span> <span class='ocrx_word' id='word_1_40' title='bbox 565 1759 679 1834; x_wconf 92' lang='lat' dir='ltr'><strong>quum</strong></span> <span class='ocrx_word' id='word_1_41' title='bbox 701 1733 749 1805; x_wconf 89' lang='lat' dir='ltr'><strong>ab</strong></span> <span class='ocrx_word' id='word_1_42' title='bbox 771 1734 926 1830; x_wconf 88' lang='lat' dir='ltr'><strong>imperio</strong></span> <span class='ocrx_word' id='word_1_43' title='bbox 944 1731 1021 1826; x_wconf 85' lang='lat' dir='ltr'><strong>ejus</strong></span> <span class='ocrx_word' id='word_1_44' title='bbox 1038 1734 1170 1829; x_wconf 86' lang='lat' dir='ltr'><strong>passim</strong></span> <span class='ocrx_word' id='word_1_45' title='bbox 1189 1731 1301 1806; x_wconf 74' lang='lat' dir='ltr'><strong>civi-2</strong></span> 
     </span>
     <span class='ocr_line' id='line_1_10' title="bbox 202 1841 1273 1940; baseline -0.007 -20"><span class='ocrx_word' id='word_1_46' title='bbox 202 1863 294 1924; x_wconf 90' lang='lat' dir='ltr'><strong>tates</strong></span> <span class='ocrx_word' id='word_1_47' title='bbox 323 1846 546 1934; x_wconf 88' lang='lat' dir='ltr'><strong>deficerent,</strong></span> <span class='ocrx_word' id='word_1_48' title='bbox 575 1845 622 1919; x_wconf 94' lang='lat' dir='ltr'><strong>ad</strong></span> <span class='ocrx_word' id='word_1_49' title='bbox 656 1844 876 1918; x_wconf 84' lang='lat' dir='ltr'><strong>abolendam</strong></span> <span class='ocrx_word' id='word_1_50' title='bbox 910 1844 1069 1940; x_wconf 71' lang='lat' dir='ltr'><strong>segnitie</strong></span> <span class='ocrx_word' id='word_1_51' title='bbox 1094 1841 1273 1914; x_wconf 82' lang='lat' dir='ltr'><strong>maculam</strong></span> 
     </span>
     <span class='ocr_line' id='line_1_11' title="bbox 203 1952 1304 2051; baseline -0.007 -20"><span class='ocrx_word' id='word_1_52' title='bbox 203 1958 340 2032; x_wconf 85' lang='lat' dir='ltr'><strong>bellum</strong></span> <span class='ocrx_word' id='word_1_53' title='bbox 361 1957 503 2030; x_wconf 85' lang='lat' dir='ltr'><strong>Parthis</strong></span> <span class='ocrx_word' id='word_1_54' title='bbox 524 1956 661 2030; x_wconf 84' lang='lat' dir='ltr'><strong>inferre</strong></span> <span class='ocrx_word' id='word_1_55' title='bbox 682 1958 832 2029; x_wconf 81' lang='lat' dir='ltr'><strong>statuit:</strong></span> <span class='ocrx_word' id='word_1_56' title='bbox 854 1955 957 2051; x_wconf 86' lang='lat' dir='ltr'><strong>cujus</strong></span> <span class='ocrx_word' id='word_1_57' title='bbox 978 1952 1176 2026; x_wconf 88' lang='lat' dir='ltr'><strong>adventum</strong></span> <span class='ocrx_word' id='word_1_58' title='bbox 1195 1979 1304 2033; x_wconf 74' lang='lat' dir='ltr'><strong>nona</strong></span> 
     </span>
     <span class='ocr_line' id='line_1_12' title="bbox 204 2057 1348 2169; baseline -0.006 -28"><span class='ocrx_word' id='word_1_59' title='bbox 204 2072 310 2142; x_wconf 88' lang='lat' dir='ltr'><strong>inviti</strong></span> <span class='ocrx_word' id='word_1_60' title='bbox 334 2071 494 2140; x_wconf 80' lang='lat' dir='ltr'><strong>Orientis</strong></span> <span class='ocrx_word' id='word_1_61' title='bbox 521 2069 648 2169; x_wconf 91' lang='lat' dir='ltr'><strong>populi</strong></span> <span class='ocrx_word' id='word_1_62' title='bbox 672 2067 815 2156; x_wconf 86' lang='lat' dir='ltr'><strong>videre,</strong></span> <span class='ocrx_word' id='word_1_63' title='bbox 837 2081 874 2138; x_wconf 91' lang='lat' dir='ltr'><strong>et</strong></span> <span class='ocrx_word' id='word_1_64' title='bbox 902 2081 1054 2164; x_wconf 88' lang='lat' dir='ltr'><strong>propter</strong></span> <span class='ocrx_word' id='word_1_65' title='bbox 1079 2064 1276 2154; x_wconf 69' lang='lat' dir='ltr'><strong>Arsacidae,</strong></span> <span class='ocrx_word' id='word_1_66' title='bbox 1347 2057 1348 2060; x_wconf 45' lang='lat'>&#39;</span> 
     </span>
     <span class='ocr_line' id='line_1_13' title="bbox 203 2174 1278 2276; baseline -0.005 -25"><span class='ocrx_word' id='word_1_67' title='bbox 203 2181 297 2276; x_wconf 82' lang='lat' dir='ltr'><strong>regis</strong></span> <span class='ocrx_word' id='word_1_68' title='bbox 311 2177 548 2266; x_wconf 85' lang='lat' dir='ltr'><strong>Parthorum,</strong></span> <span class='ocrx_word' id='word_1_69' title='bbox 568 2177 836 2264; x_wconf 84' lang='lat' dir='ltr'><strong>crudelitatem,</strong></span> <span class='ocrx_word' id='word_1_70' title='bbox 849 2191 886 2247; x_wconf 91' lang='lat' dir='ltr'><strong>et</strong></span> <span class='ocrx_word' id='word_1_71' title='bbox 902 2174 1003 2273; x_wconf 91' lang='lat' dir='ltr'><strong>quod</strong></span> <span class='ocrx_word' id='word_1_72' title='bbox 1021 2182 1133 2247; x_wconf 87' lang='lat' dir='ltr'><strong>veteri</strong></span> <span class='ocrx_word' id='word_1_73' title='bbox 1150 2181 1278 2247; x_wconf 84' lang='lat' dir='ltr'><strong>Mace-</strong></span> 
     </span>
     <span class='ocr_line' id='line_1_14' title="bbox 206 2285 1276 2385; baseline -0.002 -27"><span class='ocrx_word' id='word_1_74' title='bbox 206 2288 348 2358; x_wconf 87' lang='lat' dir='ltr'><strong>donum</strong></span> <span class='ocrx_word' id='word_1_75' title='bbox 373 2289 526 2385; x_wconf 89' lang='lat' dir='ltr'><strong>imperio</strong></span> <span class='ocrx_word' id='word_1_76' title='bbox 550 2286 708 2376; x_wconf 87' lang='lat' dir='ltr'><strong>adsueti,</strong></span> <span class='ocrx_word' id='word_1_77' title='bbox 728 2289 817 2358; x_wconf 92' lang='lat' dir='ltr'><strong>novi</strong></span> <span class='ocrx_word' id='word_1_78' title='bbox 839 2285 966 2384; x_wconf 93' lang='lat' dir='ltr'><strong>populi</strong></span> <span class='ocrx_word' id='word_1_79' title='bbox 991 2285 1197 2382; x_wconf 84' lang='lat' dir='ltr'><strong>superbiam</strong></span> <span class='ocrx_word' id='word_1_80' title='bbox 1220 2287 1276 2356; x_wconf 90' lang='lat' dir='ltr'><strong>in-</strong></span> 
     </span>
     <span class='ocr_line' id='line_1_15' title="bbox 209 2394 1306 2494; baseline -0.004 -24"><span class='ocrx_word' id='word_1_81' title='bbox 209 2398 318 2494; x_wconf 83' lang='lat' dir='ltr'><strong>digne</strong></span> <span class='ocrx_word' id='word_1_82' title='bbox 332 2394 508 2468; x_wconf 84' lang='lat' dir='ltr'><strong>serebant.</strong></span> <span class='ocrx_word' id='word_1_83' title='bbox 521 2402 648 2493; x_wconf 89' lang='lat' dir='ltr'><strong>Itaque</strong></span> <span class='ocrx_word' id='word_1_84' title='bbox 663 2421 778 2494; x_wconf 88' lang='lat' dir='ltr'><strong>quum</strong></span> <span class='ocrx_word' id='word_1_85' title='bbox 791 2412 827 2468; x_wconf 93' lang='lat' dir='ltr'><strong>et</strong></span> <span class='ocrx_word' id='word_1_86' title='bbox 838 2400 1045 2484; x_wconf 85' lang='lat' dir='ltr'><strong>Persarum,</strong></span> <span class='ocrx_word' id='word_1_87' title='bbox 1058 2410 1094 2466; x_wconf 82' lang='lat' dir='ltr'><strong>et</strong></span> <span class='ocrx_word' id='word_1_88' title='bbox 1106 2395 1306 2491; x_wconf 73' lang='lat' dir='ltr'><strong>Elymaeos</strong></span> 
     </span>
     <span class='ocr_line' id='line_1_16' title="bbox 204 2504 1277 2607; baseline -0.003 -26"><span class='ocrx_word' id='word_1_89' title='bbox 204 2533 306 2597; x_wconf 88' lang='lat' dir='ltr'><strong>rum,</strong></span> <span class='ocrx_word' id='word_1_90' title='bbox 318 2509 668 2605; x_wconf 85' lang='lat' dir='ltr'><strong>Bactrianorumque</strong></span> <span class='ocrx_word' id='word_1_91' title='bbox 681 2504 822 2580; x_wconf 84' lang='lat' dir='ltr'><strong>auxiliis</strong></span> <span class='ocrx_word' id='word_1_92' title='bbox 834 2509 1038 2605; x_wconf 86' lang='lat' dir='ltr'><strong>juvaretur,</strong></span> <span class='ocrx_word' id='word_1_93' title='bbox 1051 2507 1174 2578; x_wconf 89' lang='lat' dir='ltr'><strong>multis</strong></span> <span class='ocrx_word' id='word_1_94' title='bbox 1186 2531 1277 2607; x_wconf 73' lang='lat' dir='ltr'><strong>prta-</strong></span> 
     </span>
    </p>
   </div>
   <div class='ocr_carea' id='block_1_6' title="bbox 205 2691 1398 4261">
    <p class='ocr_par' dir='ltr' id='par_1_6' title="bbox 205 2691 1398 4261">
     <span class='ocr_line' id='line_1_17' title="bbox 240 2691 1277 2767; baseline 0.004 -21"><span class='ocrx_word' id='word_1_95' title='bbox 240 2693 264 2746; x_wconf 87' lang='grc' dir='ltr'><strong>Ῑ.</strong></span> <span class='ocrx_word' id='word_1_96' title='bbox 286 2712 309 2748; x_wconf 89' lang='lat'><strong>1.</strong></span> <span class='ocrx_word' id='word_1_97' title='bbox 332 2695 473 2746; x_wconf 65' lang='lat' dir='ltr'><strong>marim.</strong></span> <span class='ocrx_word' id='word_1_98' title='bbox 494 2694 552 2746; x_wconf 81' lang='lat' dir='ltr'><strong>Rex</strong></span> <span class='ocrx_word' id='word_1_99' title='bbox 572 2691 655 2766; x_wconf 82' lang='lat' dir='ltr'><strong>Syriae</strong></span> <span class='ocrx_word' id='word_1_100' title='bbox 672 2711 722 2765; x_wconf 81' lang='lat' dir='ltr'><strong>per</strong></span> <span class='ocrx_word' id='word_1_101' title='bbox 762 2695 788 2748; x_wconf 74' lang='lat'><strong>8,</strong></span> <span class='ocrx_word' id='word_1_102' title='bbox 807 2724 842 2734; x_wconf 90' lang='lat'><em>-</em></span> <span class='ocrx_word' id='word_1_103' title='bbox 862 2699 904 2746; x_wconf 72' lang='lat' dir='ltr'><strong>En</strong></span> <span class='ocrx_word' id='word_1_104' title='bbox 922 2693 1033 2766; x_wconf 69' lang='lat' dir='ltr'><strong>saper-bia</strong></span> <span class='ocrx_word' id='word_1_105' title='bbox 1052 2707 1126 2767; x_wconf 83' lang='lat' dir='ltr'><strong>peter</strong></span> <span class='ocrx_word' id='word_1_106' title='bbox 1152 2696 1277 2751; x_wconf 78' lang='lat' dir='ltr'><strong>ltabuemt.</strong></span> 
     </span>
     <span class='ocr_line' id='line_1_18' title="bbox 205 2770 1278 2848; baseline 0.005 -24"><span class='ocrx_word' id='word_1_107' title='bbox 205 2791 248 2826; x_wconf 92' lang='lat' dir='ltr'><strong>an.</strong></span> <span class='ocrx_word' id='word_1_108' title='bbox 266 2773 395 2826; x_wconf 73' lang='lat' dir='ltr'><strong>dod-628.</strong></span> <span class='ocrx_word' id='word_1_109' title='bbox 409 2771 486 2824; x_wconf 86' lang='lat' dir='ltr'><strong>Anno</strong></span> <span class='ocrx_word' id='word_1_110' title='bbox 500 2773 552 2825; x_wconf 81' lang='lat'><strong>610</strong></span> <span class='ocrx_word' id='word_1_111' title='bbox 571 2771 679 2843; x_wconf 87' lang='lat' dir='ltr'><strong>pellitur</strong></span> <span class='ocrx_word' id='word_1_112' title='bbox 691 2770 721 2822; x_wconf 90' lang='lat' dir='ltr'><strong>in</strong></span> <span class='ocrx_word' id='word_1_113' title='bbox 763 2771 888 2836; x_wconf 85' lang='lat' dir='ltr'>XXXV,</span> <span class='ocrx_word' id='word_1_114' title='bbox 904 2793 931 2838; x_wconf 87' lang='lat'><strong>1,</strong></span> <span class='ocrx_word' id='word_1_115' title='bbox 946 2773 972 2825; x_wconf 89' lang='lat'><strong>8.</strong></span> <span class='ocrx_word' id='word_1_116' title='bbox 993 2773 1129 2839; x_wconf 76' lang='lat' dir='ltr'><strong>Graevius,</strong></span> <span class='ocrx_word' id='word_1_117' title='bbox 1143 2794 1223 2848; x_wconf 85' lang='lat' dir='ltr'><strong>quern</strong></span> <span class='ocrx_word' id='word_1_118' title='bbox 1236 2777 1278 2828; x_wconf 84' lang='lat' dir='ltr'><strong>ol·</strong></span> 
     </span>
     <span class='ocr_line' id='line_1_19' title="bbox 205 2847 1278 2923; baseline 0.003 -19"><span class='ocrx_word' id='word_1_119' title='bbox 205 2853 425 2923; x_wconf 71' lang='lat' dir='ltr'><strong>Mesopotamiam</strong></span> <span class='ocrx_word' id='word_1_120' title='bbox 438 2849 526 2920; x_wconf 83' lang='lat' dir='ltr'><strong>(unde</strong></span> <span class='ocrx_word' id='word_1_121' title='bbox 539 2851 597 2923; x_wconf 86' lang='lat' dir='ltr'><strong>ipse</strong></span> <span class='ocrx_word' id='word_1_122' title='bbox 609 2847 720 2922; x_wconf 84' lang='lat' dir='ltr'><strong>expedi·</strong></span> <span class='ocrx_word' id='word_1_123' title='bbox 762 2848 848 2903; x_wconf 85' lang='lat' dir='ltr'><strong>sendit</strong></span> <span class='ocrx_word' id='word_1_124' title='bbox 861 2850 964 2922; x_wconf 79' lang='lat' dir='ltr'><strong>phrasis</strong></span> <span class='ocrx_word' id='word_1_125' title='bbox 980 2851 1068 2903; x_wconf 73' lang='lat' dir='ltr'><strong>behem</strong></span> <span class='ocrx_word' id='word_1_126' title='bbox 1084 2851 1181 2919; x_wconf 74' lang='lat' dir='ltr'><strong>odium,</strong></span> <span class='ocrx_word' id='word_1_127' title='bbox 1195 2853 1278 2910; x_wconf 80' lang='lat' dir='ltr'><strong>verbo</strong></span> 
     </span>
     <span class='ocr_line' id='line_1_20' title="bbox 205 2927 1260 3001; baseline 0.005 -19"><span class='ocrx_word' id='word_1_128' title='bbox 205 2930 307 2982; x_wconf 84' lang='lat' dir='ltr'><strong>tionem</strong></span> <span class='ocrx_word' id='word_1_129' title='bbox 318 2930 348 2982; x_wconf 89' lang='lat' dir='ltr'><strong>in</strong></span> <span class='ocrx_word' id='word_1_130' title='bbox 360 2929 471 2982; x_wconf 82' lang='lat' dir='ltr'><strong>Parthos</strong></span> <span class='ocrx_word' id='word_1_131' title='bbox 489 2929 615 3001; x_wconf 85' lang='lat' dir='ltr'><strong>suscipit,</strong></span> <span class='ocrx_word' id='word_1_132' title='bbox 628 2947 643 2980; x_wconf 89' lang='lat' dir='ltr'><strong>a</strong></span> <span class='ocrx_word' id='word_1_133' title='bbox 661 2928 721 3000; x_wconf 88' lang='lat' dir='ltr'><strong>qui·</strong></span> <span class='ocrx_word' id='word_1_134' title='bbox 763 2927 867 2994; x_wconf 87' lang='lat' dir='ltr'><strong>deleto,</strong></span> <span class='ocrx_word' id='word_1_135' title='bbox 881 2928 1017 2982; x_wconf 81' lang='lat' dir='ltr'><strong>subaudiri</strong></span> <span class='ocrx_word' id='word_1_136' title='bbox 1030 2932 1088 2984; x_wconf 79' lang='lat' dir='ltr'><strong>vult</strong></span> <span class='ocrx_word' id='word_1_137' title='bbox 1098 2943 1260 2988; x_wconf 71' lang='lat' dir='ltr'><strong>commeent.</strong></span> 
     </span>
     <span class='ocr_line' id='line_1_21' title="bbox 206 3006 1279 3084; baseline 0.009 -24"><span class='ocrx_word' id='word_1_138' title='bbox 206 3007 306 3060; x_wconf 87' lang='lat' dir='ltr'><strong>busan.</strong></span> <span class='ocrx_word' id='word_1_139' title='bbox 314 3007 484 3078; x_wconf 81' lang='lat' dir='ltr'><strong>615capitna)</strong></span> <span class='ocrx_word' id='word_1_140' title='bbox 492 3007 663 3059; x_wconf 84' lang='lat' dir='ltr'><strong>ahAntiocho</strong></span> <span class='ocrx_word' id='word_1_141' title='bbox 669 3006 721 3073; x_wconf 86' lang='lat' dir='ltr'><strong>VI,</strong></span> <span class='ocrx_word' id='word_1_142' title='bbox 798 3009 824 3062; x_wconf 77' lang='lat'><strong>³.</strong></span> <span class='ocrx_word' id='word_1_143' title='bbox 833 3007 967 3060; x_wconf 71' lang='lat' dir='ltr'><strong>Arsacidae.</strong></span> <span class='ocrx_word' id='word_1_144' title='bbox 978 3009 1043 3062; x_wconf 87' lang='lat' dir='ltr'><strong>Vid.</strong></span> <span class='ocrx_word' id='word_1_145' title='bbox 1053 3011 1121 3064; x_wconf 84' lang='lat' dir='ltr'><strong>infra</strong></span> <span class='ocrx_word' id='word_1_146' title='bbox 1132 3013 1206 3081; x_wconf 85' lang='lat' dir='ltr'>XLI,</span> <span class='ocrx_word' id='word_1_147' title='bbox 1218 3021 1279 3084; x_wconf 82' lang='lat'>1-6;</span> 
     </span>
     <span class='ocr_line' id='line_1_22' title="bbox 207 3084 1279 3163; baseline 0.009 -26"><span class='ocrx_word' id='word_1_148' title='bbox 207 3086 279 3148; x_wconf 81' lang='lat' dir='ltr'><strong>Deo,</strong></span> <span class='ocrx_word' id='word_1_149' title='bbox 295 3086 362 3137; x_wconf 79' lang='lat' dir='ltr'><strong>llalte</strong></span> <span class='ocrx_word' id='word_1_150' title='bbox 374 3085 446 3149; x_wconf 84' lang='lat' dir='ltr'><strong>filio,</strong></span> <span class='ocrx_word' id='word_1_151' title='bbox 458 3084 565 3156; x_wconf 82' lang='lat' dir='ltr'><strong>qniper</strong></span> <span class='ocrx_word' id='word_1_152' title='bbox 578 3096 723 3138; x_wconf 85' lang='lat' dir='ltr'><strong>tresanaos</strong></span> <span class='ocrx_word' id='word_1_153' title='bbox 763 3087 824 3140; x_wconf 90' lang='lat' dir='ltr'><strong>coll.</strong></span> <span class='ocrx_word' id='word_1_154' title='bbox 849 3091 920 3140; x_wconf 80' lang='lat' dir='ltr'><strong>mein.</strong></span> <span class='ocrx_word' id='word_1_155' title='bbox 948 3092 1010 3140; x_wconf 79' lang='lat' dir='ltr'><strong>Hist.</strong></span> <span class='ocrx_word' id='word_1_156' title='bbox 1033 3091 1132 3144; x_wconf 78' lang='lat' dir='ltr'><strong>Handb.</strong></span> <span class='ocrx_word' id='word_1_157' title='bbox 1153 3094 1207 3146; x_wconf 83' lang='lat' dir='ltr'><strong>vol.</strong></span> <span class='ocrx_word' id='word_1_158' title='bbox 1229 3095 1279 3163; x_wconf 91' lang='lat'><strong>11,</strong></span> 
     </span>
     <span class='ocr_line' id='line_1_23' title="bbox 207 3164 1280 3238; baseline 0.009 -22"><span class='ocrx_word' id='word_1_159' title='bbox 207 3167 326 3217; x_wconf 76' lang='lat' dir='ltr'><strong>tiro-612</strong></span> <span class='ocrx_word' id='word_1_160' title='bbox 340 3181 454 3234; x_wconf 67' lang='lat' dir='ltr'><strong>regnum</strong></span> <span class='ocrx_word' id='word_1_161' title='bbox 472 3174 576 3228; x_wconf 85' lang='lat' dir='ltr'><strong>tuetur,</strong></span> <span class='ocrx_word' id='word_1_162' title='bbox 593 3164 695 3216; x_wconf 88' lang='lat' dir='ltr'><strong>occisus</strong></span> <span class='ocrx_word' id='word_1_163' title='bbox 707 3182 722 3215; x_wconf 90' lang='lat' dir='ltr'><strong>a</strong></span> <span class='ocrx_word' id='word_1_164' title='bbox 762 3183 824 3237; x_wconf 81' lang='lat' dir='ltr'><strong>pag.</strong></span> <span class='ocrx_word' id='word_1_165' title='bbox 841 3180 908 3230; x_wconf 84' lang='lat' dir='ltr'><strong>tao,</strong></span> <span class='ocrx_word' id='word_1_166' title='bbox 919 3183 960 3218; x_wconf 88' lang='lat' dir='ltr'><strong>nr.</strong></span> <span class='ocrx_word' id='word_1_167' title='bbox 975 3169 1008 3233; x_wconf 87' lang='grc'><strong>6,</strong></span> <span class='ocrx_word' id='word_1_168' title='bbox 1018 3167 1091 3222; x_wconf 86' lang='lat' dir='ltr'><strong>unde</strong></span> <span class='ocrx_word' id='word_1_169' title='bbox 1104 3169 1195 3238; x_wconf 83' lang='lat' dir='ltr'><strong>vides,</strong></span> <span class='ocrx_word' id='word_1_170' title='bbox 1206 3173 1280 3226; x_wconf 88' lang='lat' dir='ltr'><strong>hunc</strong></span> 
     </span>
     <span class='ocr_line' id='line_1_24' title="bbox 207 3241 1277 3318; baseline 0.007 -21"><span class='ocrx_word' id='word_1_171' title='bbox 207 3243 355 3315; x_wconf 77' lang='lat' dir='ltr'><strong>Tryphone</strong></span> <span class='ocrx_word' id='word_1_172' title='bbox 364 3241 536 3312; x_wconf 83' lang='lat' dir='ltr'><strong>Apameensi,</strong></span> <span class='ocrx_word' id='word_1_173' title='bbox 544 3259 593 3314; x_wconf 84' lang='lat' dir='ltr'><strong>per</strong></span> <span class='ocrx_word' id='word_1_174' title='bbox 601 3259 645 3294; x_wconf 87' lang='lat' dir='ltr'><strong>aa.</strong></span> <span class='ocrx_word' id='word_1_175' title='bbox 655 3246 723 3296; x_wconf 76' lang='lat'><strong>612-</strong></span> <span class='ocrx_word' id='word_1_176' title='bbox 763 3245 906 3299; x_wconf 79' lang='lat' dir='ltr'><strong>Arsaciden</strong></span> <span class='ocrx_word' id='word_1_177' title='bbox 919 3245 976 3310; x_wconf 89' lang='lat' dir='ltr'><strong>Vl,</strong></span> <span class='ocrx_word' id='word_1_178' title='bbox 989 3263 1044 3300; x_wconf 88' lang='lat' dir='ltr'><strong>esse</strong></span> <span class='ocrx_word' id='word_1_179' title='bbox 1055 3248 1238 3304; x_wconf 81' lang='lat' dir='ltr'><strong>Mithridatem</strong></span> <span class='ocrx_word' id='word_1_180' title='bbox 1249 3253 1277 3318; x_wconf 85' lang='lat'><strong>1,</strong></span> 
     </span>
     <span class='ocr_line' id='line_1_25' title="bbox 208 3321 1280 3398; baseline 0.008 -24"><span class='ocrx_word' id='word_1_181' title='bbox 208 3325 277 3392; x_wconf 80' lang='lat'><strong>617,</strong></span> <span class='ocrx_word' id='word_1_182' title='bbox 290 3338 403 3393; x_wconf 73' lang='lat' dir='ltr'><strong>regnam</strong></span> <span class='ocrx_word' id='word_1_183' title='bbox 422 3331 583 3391; x_wconf 82' lang='lat' dir='ltr'><strong>usurpante,</strong></span> <span class='ocrx_word' id='word_1_184' title='bbox 595 3332 623 3372; x_wconf 86' lang='lat' dir='ltr'><strong>et</strong></span> <span class='ocrx_word' id='word_1_185' title='bbox 634 3321 723 3374; x_wconf 87' lang='lat' dir='ltr'><strong>oeciso</strong></span> <span class='ocrx_word' id='word_1_186' title='bbox 763 3343 854 3397; x_wconf 81' lang='lat' dir='ltr'><strong>regem</strong></span> <span class='ocrx_word' id='word_1_187' title='bbox 865 3343 914 3396; x_wconf 84' lang='lat' dir='ltr'><strong>per</strong></span> <span class='ocrx_word' id='word_1_188' title='bbox 923 3343 965 3378; x_wconf 86' lang='lat' dir='ltr'><strong>an.</strong></span> <span class='ocrx_word' id='word_1_189' title='bbox 977 3326 1145 3398; x_wconf 77' lang='lat'><strong>580·617.-</strong></span> <span class='ocrx_word' id='word_1_190' title='bbox 1155 3331 1280 3384; x_wconf 69' lang='lat' dir='ltr'><strong>Arsacidae</strong></span> 
     </span>
     <span class='ocr_line' id='line_1_26' title="bbox 207 3397 1279 3475; baseline 0.006 -20"><span class='ocrx_word' id='word_1_191' title='bbox 207 3419 251 3455; x_wconf 88' lang='lat' dir='ltr'><strong>an.</strong></span> <span class='ocrx_word' id='word_1_192' title='bbox 265 3405 317 3472; x_wconf 85' lang='lat'><strong>617</strong></span> <span class='ocrx_word' id='word_1_193' title='bbox 335 3400 368 3452; x_wconf 86' lang='lat' dir='ltr'><strong>ab</strong></span> <span class='ocrx_word' id='word_1_194' title='bbox 386 3398 521 3452; x_wconf 76' lang='lat' dir='ltr'><strong>Antiocho</strong></span> <span class='ocrx_word' id='word_1_195' title='bbox 538 3397 596 3449; x_wconf 78' lang='lat' dir='ltr'><strong>vll</strong></span> <span class='ocrx_word' id='word_1_196' title='bbox 615 3397 723 3464; x_wconf 74' lang='lat' dir='ltr'><strong>Sidete,</strong></span> <span class='ocrx_word' id='word_1_197' title='bbox 763 3419 814 3475; x_wconf 88' lang='lat' dir='ltr'><strong>pro</strong></span> <span class='ocrx_word' id='word_1_198' title='bbox 826 3405 933 3456; x_wconf 65' lang='lat' dir='ltr'><strong>Arsacia</strong></span> <span class='ocrx_word' id='word_1_199' title='bbox 943 3407 1046 3454; x_wconf 77' lang='lat' dir='ltr'><strong>Arsaces</strong></span> <span class='ocrx_word' id='word_1_200' title='bbox 1056 3401 1212 3459; x_wconf 86' lang='lat' dir='ltr'><strong>dicebantur</strong></span> <span class='ocrx_word' id='word_1_201' title='bbox 1221 3424 1279 3462; x_wconf 88' lang='lat' dir='ltr'><strong>orn·</strong></span> 
     </span>
     <span class='ocr_line' id='line_1_27' title="bbox 208 3477 1281 3554; baseline 0.007 -23"><span class='ocrx_word' id='word_1_202' title='bbox 208 3478 337 3531; x_wconf 83' lang='lat' dir='ltr'><strong>Demetrii</strong></span> <span class='ocrx_word' id='word_1_203' title='bbox 347 3477 445 3532; x_wconf 85' lang='lat' dir='ltr'><strong>Soteris</strong></span> <span class='ocrx_word' id='word_1_204' title='bbox 453 3477 527 3542; x_wconf 80' lang='lat' dir='ltr'><strong>lilio,</strong></span> <span class='ocrx_word' id='word_1_205' title='bbox 539 3477 668 3552; x_wconf 71' lang='lat' dir='ltr'><strong>Demetrii</strong></span> <span class='ocrx_word' id='word_1_206' title='bbox 676 3477 724 3531; x_wconf 88' lang='lat' dir='ltr'><strong>Ni·</strong></span> <span class='ocrx_word' id='word_1_207' title='bbox 763 3499 812 3534; x_wconf 88' lang='lat' dir='ltr'><strong>nes</strong></span> <span class='ocrx_word' id='word_1_208' title='bbox 829 3481 987 3534; x_wconf 74' lang='lat' dir='ltr'><strong>Parthorum</strong></span> <span class='ocrx_word' id='word_1_209' title='bbox 1005 3499 1094 3552; x_wconf 79' lang='lat' dir='ltr'><strong>reges,</strong></span> <span class='ocrx_word' id='word_1_210' title='bbox 1110 3483 1179 3537; x_wconf 85' lang='lat' dir='ltr'><strong>inlra</strong></span> <span class='ocrx_word' id='word_1_211' title='bbox 1196 3483 1281 3554; x_wconf 84' lang='lat' dir='ltr'>XLI,</span> 
     </span>
     <span class='ocr_line' id='line_1_28' title="bbox 208 3554 1280 3631; baseline -0.001 -21"><span class='ocrx_word' id='word_1_212' title='bbox 208 3559 312 3612; x_wconf 82' lang='lat' dir='ltr'><strong>canoris</strong></span> <span class='ocrx_word' id='word_1_213' title='bbox 323 3557 402 3610; x_wconf 81' lang='lat' dir='ltr'><strong>intre</strong></span> <span class='ocrx_word' id='word_1_214' title='bbox 414 3557 547 3626; x_wconf 86' lang='lat' dir='ltr'>(XXXV,</span> <span class='ocrx_word' id='word_1_215' title='bbox 563 3554 595 3621; x_wconf 77' lang='lat' dir='ltr'><strong>i,</strong></span> <span class='ocrx_word' id='word_1_216' title='bbox 609 3575 621 3610; x_wconf 90' lang='grc' dir='ltr'><strong>ι</strong></span> <span class='ocrx_word' id='word_1_217' title='bbox 634 3561 723 3627; x_wconf 74' lang='lat' dir='ltr'><strong>not),</strong></span> <span class='ocrx_word' id='word_1_218' title='bbox 766 3560 797 3622; x_wconf 83' lang='lat'><strong>5,</strong></span> <span class='ocrx_word' id='word_1_219' title='bbox 812 3562 829 3611; x_wconf 89' lang='lat'><strong>6</strong></span> <span class='ocrx_word' id='word_1_220' title='bbox 844 3577 851 3610; x_wconf 93' lang='lat'><strong>:</strong></span> <span class='ocrx_word' id='word_1_221' title='bbox 869 3556 954 3611; x_wconf 85' lang='lat' dir='ltr'><strong>sedet</strong></span> <span class='ocrx_word' id='word_1_222' title='bbox 967 3577 1045 3630; x_wconf 86' lang='lat' dir='ltr'><strong>snpra</strong></span> <span class='ocrx_word' id='word_1_223' title='bbox 1059 3558 1105 3626; x_wconf 92' lang='lat' dir='ltr'><strong>Il,</strong></span> <span class='ocrx_word' id='word_1_224' title='bbox 1120 3563 1150 3628; x_wconf 83' lang='lat'><strong>6,</strong></span> <span class='ocrx_word' id='word_1_225' title='bbox 1168 3579 1200 3631; x_wconf 88' lang='lat'><strong>9,</strong></span> <span class='ocrx_word' id='word_1_226' title='bbox 1218 3571 1280 3618; x_wconf 75' lang='lat' dir='ltr'><strong>Am.</strong></span> 
     </span>
     <span class='ocr_line' id='line_1_29' title="bbox 207 3637 1281 3716; baseline 0.009 -28"><span class='ocrx_word' id='word_1_227' title='bbox 207 3649 388 3708; x_wconf 66' lang='lat' dir='ltr'><strong>regnantem.</strong></span> <span class='ocrx_word' id='word_1_228' title='bbox 400 3639 518 3707; x_wconf 58' lang='lat' dir='ltr'><strong>bardas</strong></span> <span class='ocrx_word' id='word_1_229' title='bbox 529 3651 537 3688; x_wconf 75' lang='grc' dir='ltr'><em>τ</em></span> <span class='ocrx_word' id='word_1_230' title='bbox 551 3653 606 3707; x_wconf 89' lang='lat' dir='ltr'><strong>qno</strong></span> <span class='ocrx_word' id='word_1_231' title='bbox 617 3647 725 3690; x_wconf 79' lang='lat' dir='ltr'><strong>annuet</strong></span> <span class='ocrx_word' id='word_1_232' title='bbox 760 3639 876 3711; x_wconf 77' lang='lat' dir='ltr'><strong>phietsan</strong></span> <span class='ocrx_word' id='word_1_233' title='bbox 887 3649 926 3692; x_wconf 87' lang='lat' dir='ltr'><strong>ast</strong></span> <span class='ocrx_word' id='word_1_234' title='bbox 935 3639 963 3690; x_wconf 89' lang='lat' dir='ltr'><strong>ln</strong></span> <span class='ocrx_word' id='word_1_235' title='bbox 971 3637 1050 3691; x_wconf 86' lang='lat' dir='ltr'><strong>MSS.</strong></span> <span class='ocrx_word' id='word_1_236' title='bbox 1060 3640 1281 3716; x_wconf 62' lang='lat' dir='ltr'><strong>Amphitryoniaden</strong></span> 
     </span>
     <span class='ocr_line' id='line_1_30' title="bbox 209 3713 1280 3790; baseline -0.001 -22"><span class='ocrx_word' id='word_1_237' title='bbox 209 3733 294 3787; x_wconf 73' lang='lat' dir='ltr'><strong>regno</strong></span> <span class='ocrx_word' id='word_1_238' title='bbox 314 3727 342 3767; x_wconf 85' lang='lat' dir='ltr'><strong>et</strong></span> <span class='ocrx_word' id='word_1_239' title='bbox 362 3715 416 3768; x_wconf 82' lang='lat' dir='ltr'><strong>vita</strong></span> <span class='ocrx_word' id='word_1_240' title='bbox 434 3732 449 3766; x_wconf 91' lang='lat' dir='ltr'><strong>a</strong></span> <span class='ocrx_word' id='word_1_241' title='bbox 469 3713 573 3768; x_wconf 82' lang='lat' dir='ltr'><strong>Parthis</strong></span> <span class='ocrx_word' id='word_1_242' title='bbox 594 3713 724 3785; x_wconf 69' lang='lat' dir='ltr'><strong>privatur·</strong></span> <span class='ocrx_word' id='word_1_243' title='bbox 764 3715 894 3770; x_wconf 75' lang='lat' dir='ltr'><strong>Pmiedes</strong></span> <span class='ocrx_word' id='word_1_244' title='bbox 912 3727 952 3769; x_wconf 86' lang='lat' dir='ltr'><strong>est</strong></span> <span class='ocrx_word' id='word_1_245' title='bbox 971 3719 1070 3768; x_wconf 78' lang='lat' dir='ltr'><strong>Prasias</strong></span> <span class='ocrx_word' id='word_1_246' title='bbox 1089 3719 1160 3790; x_wconf 86' lang='lat' dir='ltr'><strong>apud</strong></span> <span class='ocrx_word' id='word_1_247' title='bbox 1179 3723 1280 3778; x_wconf 84' lang='lat' dir='ltr'><strong>Varro.</strong></span> 
     </span>
     <span class='ocr_line' id='line_1_31' title="bbox 209 3791 1283 3868; baseline 0.011 -21"><span class='ocrx_word' id='word_1_248' title='bbox 209 3791 614 3857; x_wconf 73' lang='lat' dir='ltr'><strong>Jamahaisdimims,itarum</strong></span> <span class='ocrx_word' id='word_1_249' title='bbox 626 3795 724 3846; x_wconf 84' lang='lat' dir='ltr'><strong>Deme·</strong></span> <span class='ocrx_word' id='word_1_250' title='bbox 765 3813 844 3862; x_wconf 73' lang='lat' dir='ltr'><strong>namt</strong></span> <span class='ocrx_word' id='word_1_251' title='bbox 862 3807 889 3849; x_wconf 85' lang='lat' dir='ltr'><strong>et</strong></span> <span class='ocrx_word' id='word_1_252' title='bbox 908 3793 1013 3858; x_wconf 80' lang='lat' dir='ltr'><strong>Callias,</strong></span> <span class='ocrx_word' id='word_1_253' title='bbox 1032 3795 1080 3848; x_wconf 83' lang='lat' dir='ltr'><strong>aab</strong></span> <span class='ocrx_word' id='word_1_254' title='bbox 1097 3815 1152 3868; x_wconf 89' lang='lat' dir='ltr'><strong>quo</strong></span> <span class='ocrx_word' id='word_1_255' title='bbox 1165 3797 1283 3860; x_wconf 80' lang='lat' dir='ltr'><strong>Athenas</strong></span> 
     </span>
     <span class='ocr_line' id='line_1_32' title="bbox 210 3870 1280 3944; baseline 0.011 -18"><span class='ocrx_word' id='word_1_256' title='bbox 210 3873 278 3926; x_wconf 87' lang='lat' dir='ltr'><strong>trias</strong></span> <span class='ocrx_word' id='word_1_257' title='bbox 302 3872 348 3925; x_wconf 85' lang='lat' dir='ltr'><strong>hic</strong></span> <span class='ocrx_word' id='word_1_258' title='bbox 373 3873 490 3926; x_wconf 80' lang='lat' dir='ltr'><strong>Nicanor</strong></span> <span class='ocrx_word' id='word_1_259' title='bbox 514 3885 600 3944; x_wconf 68' lang='lat' dir='ltr'><strong>regno</strong></span> <span class='ocrx_word' id='word_1_260' title='bbox 622 3870 726 3944; x_wconf 86' lang='lat' dir='ltr'><strong>potitur</strong></span> <span class='ocrx_word' id='word_1_261' title='bbox 766 3876 869 3928; x_wconf 82' lang='lat' dir='ltr'><strong>Xerxes</strong></span> <span class='ocrx_word' id='word_1_262' title='bbox 887 3872 1023 3939; x_wconf 81' lang='lat' dir='ltr'><strong>incendit,</strong></span> <span class='ocrx_word' id='word_1_263' title='bbox 1041 3873 1161 3930; x_wconf 88' lang='lat' dir='ltr'><strong>Diodoro</strong></span> <span class='ocrx_word' id='word_1_264' title='bbox 1181 3874 1280 3938; x_wconf 88' lang='lat' dir='ltr'><strong>dicitur</strong></span> 
     </span>
     <span class='ocr_line' id='line_1_33' title="bbox 210 3949 1279 4031; baseline 0.013 -29"><span class='ocrx_word' id='word_1_265' title='bbox 210 3951 346 4016; x_wconf 65' lang='lat' dir='ltr'><strong>tatone,</strong></span> <span class='ocrx_word' id='word_1_266' title='bbox 360 3949 539 4004; x_wconf 77' lang='lat' dir='ltr'><strong>adversariam</strong></span> <span class='ocrx_word' id='word_1_267' title='bbox 558 3961 645 4002; x_wconf 81' lang='lat' dir='ltr'><strong>tamen</strong></span> <span class='ocrx_word' id='word_1_268' title='bbox 657 3968 724 4002; x_wconf 86' lang='lat' dir='ltr'><strong>nan·</strong></span> <span class='ocrx_word' id='word_1_269' title='bbox 769 3951 1022 4024; x_wconf 50' lang='lat' dir='ltr'><strong>dimensaque</strong></span> <span class='ocrx_word' id='word_1_270' title='bbox 1031 3954 1279 4031; x_wconf 80' lang='lat' dir='ltr'><strong>magisestmlrnm,</strong></span> 
     </span>
     <span class='ocr_line' id='line_1_34' title="bbox 211 4029 1278 4108; baseline 0.002 -25"><span class='ocrx_word' id='word_1_271' title='bbox 211 4033 318 4086; x_wconf 87' lang='lat' dir='ltr'><strong>eiscitur</strong></span> <span class='ocrx_word' id='word_1_272' title='bbox 348 4029 527 4083; x_wconf 82' lang='lat' dir='ltr'><strong>Alexandrum</strong></span> <span class='ocrx_word' id='word_1_273' title='bbox 554 4030 724 4094; x_wconf 81' lang='lat' dir='ltr'><strong>Zehenmm,</strong></span> <span class='ocrx_word' id='word_1_274' title='bbox 766 4033 863 4086; x_wconf 82' lang='lat' dir='ltr'><strong>Noster</strong></span> <span class='ocrx_word' id='word_1_275' title='bbox 873 4048 952 4104; x_wconf 86' lang='lat' dir='ltr'><strong>supra</strong></span> <span class='ocrx_word' id='word_1_276' title='bbox 962 4030 1009 4096; x_wconf 87' lang='lat' dir='ltr'><strong>ll,</strong></span> <span class='ocrx_word' id='word_1_277' title='bbox 1024 4049 1071 4095; x_wconf 86' lang='lat' dir='ltr'><strong>ra,</strong></span> <span class='ocrx_word' id='word_1_278' title='bbox 1084 4053 1192 4108; x_wconf 86' lang='lat' dir='ltr'><strong>11,pro</strong></span> <span class='ocrx_word' id='word_1_279' title='bbox 1206 4043 1278 4095; x_wconf 80' lang='lat' dir='ltr'><strong>Thes.</strong></span> 
     </span>
     <span class='ocr_line' id='line_1_35' title="bbox 212 4107 1279 4186; baseline 0.005 -22"><span class='ocrx_word' id='word_1_280' title='bbox 212 4109 377 4164; x_wconf 72' lang='lat' dir='ltr'><strong>lislaeliliam</strong></span> <span class='ocrx_word' id='word_1_281' title='bbox 394 4107 575 4174; x_wconf 81' lang='lat' dir='ltr'><strong>subdititium,</strong></span> <span class='ocrx_word' id='word_1_282' title='bbox 590 4127 670 4179; x_wconf 80' lang='lat' dir='ltr'><strong>quesn</strong></span> <span class='ocrx_word' id='word_1_283' title='bbox 685 4110 726 4163; x_wconf 82' lang='lat' dir='ltr'><strong>lu·</strong></span> <span class='ocrx_word' id='word_1_284' title='bbox 761 4111 818 4183; x_wconf 78' lang='lat' dir='ltr'><strong>plor</strong></span> <span class='ocrx_word' id='word_1_285' title='bbox 838 4112 928 4184; x_wconf 85' lang='lat' dir='ltr'><strong>posult</strong></span> <span class='ocrx_word' id='word_1_286' title='bbox 947 4109 1104 4182; x_wconf 73' lang='lat' dir='ltr'><strong>Thespiadas,</strong></span> <span class='ocrx_word' id='word_1_287' title='bbox 1125 4115 1198 4186; x_wconf 88' lang='lat' dir='ltr'><strong>quod</strong></span> <span class='ocrx_word' id='word_1_288' title='bbox 1214 4135 1279 4175; x_wconf 76' lang='lat' dir='ltr'><strong>vett.</strong></span> 
     </span>
     <span class='ocr_line' id='line_1_36' title="bbox 214 4187 1398 4261; baseline 0.004 -21"><span class='ocrx_word' id='word_1_289' title='bbox 214 4189 289 4258; x_wconf 71' lang='lat' dir='ltr'><strong>giens</strong></span> <span class='ocrx_word' id='word_1_290' title='bbox 305 4207 348 4242; x_wconf 85' lang='lat' dir='ltr'><strong>aa.</strong></span> <span class='ocrx_word' id='word_1_291' title='bbox 367 4189 435 4256; x_wconf 74' lang='lat' dir='ltr'><strong>tat,</strong></span> <span class='ocrx_word' id='word_1_292' title='bbox 451 4188 524 4261; x_wconf 82' lang='lat' dir='ltr'><strong>perit</strong></span> <span class='ocrx_word' id='word_1_293' title='bbox 538 4187 678 4254; x_wconf 81' lang='lat' dir='ltr'>XXXIX,</span> <span class='ocrx_word' id='word_1_294' title='bbox 697 4209 726 4255; x_wconf 87' lang='grc' dir='ltr'><strong>ι,</strong></span> <span class='ocrx_word' id='word_1_295' title='bbox 767 4207 860 4248; x_wconf 81' lang='lat' dir='ltr'><strong>omnes</strong></span> <span class='ocrx_word' id='word_1_296' title='bbox 873 4190 952 4246; x_wconf 84' lang='lat' dir='ltr'><strong>MSS.</strong></span> <span class='ocrx_word' id='word_1_297' title='bbox 964 4189 1070 4243; x_wconf 82' lang='lat' dir='ltr'><strong>hahent.</strong></span> <span class='ocrx_word' id='word_1_298' title='bbox 1081 4207 1127 4244; x_wconf 77' lang='lat' dir='ltr'><strong>nn.</strong></span> <span class='ocrx_word' id='word_1_299' title='bbox 1394 4191 1398 4198; x_wconf 87' lang='lat'><em>&#39;</em></span> 
     </span>
    </p>
   </div>
   <div class='ocr_carea' id='block_1_7' title="bbox 0 0 1508 4684">
    <p class='ocr_par' dir='ltr' id='par_1_7' title="bbox 0 0 1508 4684">
     <span class='ocr_line' id='line_1_37' title="bbox 0 0 1508 4684; baseline 0 0"><span class='ocrx_word' id='word_1_300' title='bbox 0 0 1508 4684; x_wconf 95' lang='lat' dir='ltr'><strong> </strong></span> 
     </span>
    </p>
   </div>
  </div>
 </body>
</html>
