2967 4684
248 358 315 439 114
670 350 882 421 IUSTINI

198 477 369 574 sognitis,
392 486 597 573 permutato
619 474 713 568 regis
733 469 884 555 habitu,
899 492 1106 568 pannosus,
1130 484 1310 543 sannenta

243 586 339 659 eollo
352 608 501 685 gerens,
515 596 631 655 castra
651 580 813 654 bostium
831 578 1056 681 ingreditur:
1078 582 1128 654 ibi
1146 586 1186 654 in
1202 582 1309 655 turba

243 697 514 782 obsistentium,
527 719 548 765 a
562 694 693 781 milite,
714 716 824 791 quem
839 689 931 765 falce
949 707 1029 767 astu
1043 694 1311 785 vulneraverat,

243 806 636 904 interfiniumcognito
646 806 740 902 regis
751 826 923 903 corpore,
935 807 1129 877 Dorienses
1137 807 1311 905 sinepras·

200 944 231 982 π
245 920 295 991 lio
307 917 507 994 discedunt
522 921 641 1013 Atque
655 917 704 986 ita
715 914 956 988 Athenienses
964 917 1098 986 virtute
1112 913 1231 1004 ducis,
1243 938 1311 1015 pro

246 1029 361 1103 salute
377 1028 499 1127 patria
511 1030 622 1099 morti
634 1050 673 1099 se
688 1024 893 1115 offerentis,
905 1024 1002 1099 bello
1016 1026 1227 1099 liberantur.

220 1165 232 1200 ι
295 1144 369 1211 Vll.
394 1142 479 1211 Post
493 1137 662 1223 ‚Codrum
686 1162 795 1211 nemo
819 1136 972 1211 Athenis
994 1140 1157 1237 regnavit
1180 1166 1189 1210 ε
1212 1138 1311 1237 quod

219 1253 427 1322 smemoria
453 1252 615 1323 nominis
641 1250 719 1346 ejus
745 1247 924 1321 tributum
950 1264 1013 1322 est.
1041 1249 1313 1324 Administratio

218 1360 452 1460 sreipubliooe
470 1363 604 1433 annuis
620 1358 886 1458 magistratibus
902 1362 1084 1459 permissa.
1097 1360 1165 1433 Sed
1179 1364 1312 1435 civitati

246 1473 352 1546 nullae
368 1488 460 1546 nano
471 1472 569 1570 leges
582 1486 704 1561 eraut,
722 1473 808 1571 qnia
822 1470 937 1543 libido
950 1494 1076 1571 regum
1092 1496 1160 1572 pro
1173 1472 1312 1572 legibus

217 1581 458 1661 shabebaur.
470 1584 624 1681 *legitur
637 1584 760 1680 itaque
772 1582 883 1655 Solon
894 1586 973 1670 ‚uir
984 1584 1128 1681 justitiae
1143 1586 1314 1682 insignis,

219 1708 235 1761 5
249 1696 313 1791 qui
325 1692 425 1766 velut
438 1718 571 1765 novam
583 1694 761 1765 civitatem
776 1692 915 1791 legibus
927 1694 1102 1768 conderet
1115 1698 1197 1794 :qui
1209 1712 1313 1779 tanto

248 1819 536 1903 temperamento
555 1806 651 1875 inter
663 1803 808 1903 plebem
822 1820 1061 1907 senatumque
1078 1811 1150 1907 egit
1169 1808 1316 1906 (pinu,

248 1918 279 1987 si
297 1915 386 2013 quid
404 1940 473 2014 pro
488 1915 600 1987 altero
613 1914 744 1988 ordine
757 1914 914 2006 udisset,
929 1916 1031 1990 alteri
1049 1917 1313 2018 displiciturum

248 2026 471 2125 videretur),
493 2043 537 2099 nt
558 2027 606 2099 ab
628 2028 795 2126 utrisque
814 2051 938 2125 parem
967 2030 1116 2127 gratiam
1145 2028 1312 2102 traheret

219 2139 364 2236 sllujus
380 2140 449 2209 viri
468 2140 565 2211 inter
582 2137 696 2211 multa
711 2140 851 2237 egregia
872 2138 960 2212 illud
976 2139 1210 2214 memorabile
1226 2138 1313 2214 luit:

220 2250 344 2329 7inter
359 2247 599 2324 Athenienses
618 2239 655 2322 et
670 2252 900 2347 Megarenses
918 2250 964 2322 de
982 2252 1204 2350 proprietate
1222 2250 1315 2323 Sala·

248 2362 356 2433 minae
369 2362 513 2453 insulae,
527 2382 643 2461 prope
656 2384 774 2459 usque
783 2362 972 2432 interitum
984 2362 1093 2432 armis
1106 2360 1315 2441 dimicatum

220 2469 376 2543 sluerat.
403 2476 489 2545 Post
515 2471 634 2544 clades
653 2467 785 2542 multas
809 2471 961 2571 capitale
983 2496 1060 2545 esse
1085 2471 1182 2572 apud
1208 2470 1317 2543 Athe·

252 2586 397 2654 irienses
413 2587 543 2683 ooepit,
559 2586 588 2655 si
604 2585 685 2681 quis
702 2582 817 2681 legem
831 2581 877 2653 de
890 2582 1111 2656 vindicanda
1123 2580 1242 2656 insula
1260 2598 1317 2656 tu·

222 2690 358 2763 elisset.
379 2691 547 2763 solicitus
567 2694 677 2791 igitur
699 2690 830 2785 Solon,
853 2718 901 2767 ne
924 2711 987 2767 aut
1010 2692 1165 2769 tacendo
1187 2720 1316 2795 parum

289 2893 358 2947 vn.
370 2913 395 2949 1.
405 2899 528 2951 -Anuo
540 2898 635 2953 mnndi
648 2902 726 2969 29¹3,
808 2904 868 2958 203.
882 2904 921 2959 Ex
936 2906 969 2960 iis
981 2908 1064 2980 igitur
1079 2926 1139 2983 qun
1150 2928 1231 2983 snpra
1244 2908 1315 2975 dixi,

292 2992 316 3027 a.
325 2976 421 3025 Arateis
427 2978 613 3047 magbnatibus.
623 2980 765 3033 Arebomi
805 2984 1016 3056 locupletissimis
1030 2988 1138 3043 testibus
1148 2989 1248 3057 nitens,
1258 3004 1318 3043 om·

255 3052 321 3119 bus,
333 3072 390 3105 non
402 3068 489 3108 antem
501 3059 609 3124 annuis,
622 3059 668 3111 sed
677 3078 765 3132 perpe·
805 3062 885 3117 nibus
895 3076 966 3137 patet
982 3064 1124 3137 duplisiter
1134 3078 1161 3120 et
1173 3068 1218 3121 bic
1231 3069 1317 3141 epito-

255 3132 317 3195 mis,
332 3132 496 3189 Medontldis
505 3134 609 3191 diesin
622 3136 766 3203 Medeam,
806 3154 934 3195 matomu
945 3154 1067 3197 noenum
1077 3160 1185 3199 mssa.
1195 3176 1230 3188 -
1238 3148 1318 3200 Anno

255 3208 489 3283 archonteprimo,
500 3214 583 3267 Codri
594 3216 664 3282 filio,
677 3217 767 3287 quiab
807 3218 902 3273 mundi
917 3222 995 3291 ²9¹³·

255 3286 308 3340 boe
319 3286 383 3341 inde
392 3308 434 3343 sn.
446 3293 634 3365 2913‚quiest
647 3296 697 3348 ns
706 3308 768 3367 post
844 3299 869 3353 3.
883 3300 996 3355 libr'do...
1009 3302 1096 3373 legun.
1108 3302 1251 3375 llespiod,
1260 3320 1318 3368 m.

254 3366 363 3438 Trojam
375 3385 508 3434 nusum,
521 3367 665 3425 duodecim
674 3372 767 3426 babuit
843 3385 868 3443 4.
881 3382 992 3432 Instituta.
1005 3380 1097 3433 Plures
1107 3382 1163 3435 aliu
1176 3380 1238 3435 edd.
1246 3384 1320 3452 justi·

254 3462 417 3499 sneousorss
428 3445 463 3500 ad
474 3465 574 3502 annum
584 3468 668 3523 usqne
682 3452 766 3522 32²7,
807 3460 855 3521 tia,
867 3476 923 3523 non
937 3460 1025 3513 minus
1033 3460 1122 3513 latine.
1130 3463 1204 3513 -Α,
1212 3462 1248 3515 U.
1260 3464 1319 3515 161.

255 3523 303 3595 qni
321 3536 362 3577 est
378 3526 472 3578 tertius
492 3539 553 3579 ante
574 3530 651 3582 llout.
671 3528 767 3597 eund„
842 3554 869 3608 7.
883 3538 1019 3590 &Iuniam
1033 3541 1101 3605 Aut,
1114 3552 1144 3592 ut
1153 3539 1234 3593 habet
1244 3538 1320 3605 sid„

256 3619 305 3677 per
317 3603 641 3678 datmmnnspatium.
652 3607 768 3662 llissuo·
808 3615 942 3669 &lmlm‘u
957 3615 999 3669 De
1010 3634 1040 3669 re
1059 3618 1131 3671 oonl'.
1149 3616 1321 3673 Plutarchum

257 3693 391 3733 munt
409 3694 511 3754 septem
528 3683 683 3749 muchs,
701 3706 767 3758 ergo
807 3692 836 3745 iu
848 3692 974 3748 Solonem
985 3712 1044 3767 cap.
1059 3696 1133 3749 8·so.

257 3773 359 3828 peren.
372 3760 767 3839 70‚indsquerbanuousqne
841 3773 868 3825 s.
886 3774 1001 3845 Capitale.
1015 3772 1136 3828 Gronov.
1152 3774 1322 3847 ospitalsnoe

258 3836 294 3889 U.
306 3836 338 3889 C.
350 3840 385 3907 67
397 3855 496 3911 :aquo
506 3840 767 3899 indedenumauno
810 3852 886 3903 male.
901 3854 977 3907 Cart,
991 3852 1038 3905 lib.
1051 3851 1139 3918 VIH,
1151 3867 1209 3925 esp.
1221 3870 1252 3921 9:
1261 3872 1324 3927 qun

258 3918 336 3967 aaut
353 3918 438 3970 creari
454 3922 533 3993 oqui
546 3936 607 3976 sunt
623 3940 631 3975 ι
645 3925 729 3997 qualis
742 3939 769 3979 et
810 3928 939 4001 (arbores)
951 3930 1047 3983 violare
1061 3933 1153 4005 capital
1164 3942 1215 3995 au,-
1227 3932 1258 3984 L.
1273 3932 1322 3985 Se-

259 3991 366 4047 Dmun
382 3993 449 4061 fnit,
461 3999 509 4069 qui
524 4000 596 4071 leget
612 4001 672 4055 tulit
684 4006 717 4055 Δ.
732 4004 768 4058 U.
809 4008 1323 4084 neudeBenes.1V‚38:quo(decnto)

217 4102 221 4109 ·
261 4071 326 4138 130,
344 4068 379 4126 de
389 4075 486 4147 qubus
502 4075 613 4133 disserui
632 4084 657 4133 e'u
670 4083 768 4135 nebim
809 4098 911 4151 omno,
924 4104 954 4140 ue
962 4092 1150 4159 misemjuvare
1162 4100 1223 4143 totto
1232 4088 1327 4163 ‘tupitd

256 4148 339 4203 hatur.
351 4151 575 4209 emerunt
591 4158 645 4212 rol.
660 4160 689 4228 1,
704 4179 766 4234 pag.
808 4166 853 4229 sit,-
863 4178 889 4220 et
902 4167 964 4223 stibi
978 4168 1084 4239 passim.
1099 4186 1146 4223 nn.
