2967 4684
227 330 300 418 354
653 319 864 392 JUsTth
896 347 901 356 ·
963 399 966 406 ,

199 453 413 540 aeumulus,
437 447 594 522 accessit
618 448 713 517 Nam
738 455 822 540 post
844 437 1108 538 prosectionem
1132 465 1153 512 a
1174 441 1289 512 Sicilia

227 563 449 662 Agathoclis,
462 564 502 632 in
516 557 707 630 obsidione
720 559 977 651 Syracusarum
990 554 1093 624 Poeni
1107 555 1291 650 segniores

227 670 379 758 redditi,
397 668 443 739 ab
468 664 678 750 Antandro,
697 659 807 732 fratre
828 661 923 756 regis
949 659 1174 757 Agathoclis,
1196 661 1291 732 occi·

200 780 339 851 adione
353 779 434 850 caesi
449 773 726 848 nuntiabantur.
741 777 867 868 Itaque
886 795 999 868 quum
1017 769 1116 842 domi
1131 769 1291 869 lorisque

229 889 354 963 eadem
371 887 520 962 fortuna
536 883 890 981 Carthaginiensium
908 897 1019 969 esset,
1037 883 1110 977 jam
1130 907 1209 955 non
1230 887 1292 954 tri·

228 1002 378 1073 butariae
390 1015 532 1072 tantum
545 996 591 1068 ab
605 995 661 1068 his
675 993 802 1074 urbes,
819 1017 945 1065 verum
965 995 1073 1064 etiam
1090 994 1179 1064 socii
1192 1017 1292 1090 reges

229 1111 468 1200 deficiebant,
482 1110 720 1195 amicitiarum
736 1107 818 1203 jura
835 1129 913 1175 non
930 1102 1022 1194 lide,
1040 1103 1103 1176 sed
1125 1128 1294 1176 successu

202 1234 217 1290 t
230 1223 485 1322 ponderantes.
495 1227 581 1292 Erat
592 1222 689 1290 iuter
700 1233 849 1289 caeteros
860 1241 923 1288 rex
931 1221 1156 1312 Cyrenarum
1167 1214 1296 1314 Ophel-

229 1347 300 1422 tas,
316 1335 379 1432 qui
398 1358 461 1432 spe
477 1329 646 1430 improba
658 1353 812 1425 regnum
828 1329 938 1400 totius
954 1325 1079 1400 Alricae
1095 1328 1294 1428 amplexus,

231 1445 440 1515 societatem
456 1467 540 1513 cum
559 1439 756 1539 Agathocle
773 1464 838 1536 per
849 1439 988 1536 legatos
1005 1441 1195 1536 junxerat,
1212 1465 1296 1541 pac-

229 1569 362 1652 tusque
385 1579 470 1625 cum
490 1578 533 1624 eo
551 1549 688 1640 luerat,
704 1565 747 1622 ut
766 1550 890 1622 Siciliae
911 1550 981 1639 illi,
998 1550 1067 1622 sibi
1086 1549 1211 1622 Alricae
1229 1553 1297 1622 im·
1327 1569 1329 1574 '

203 1666 394 1764 specium,
422 1666 526 1735 victis
559 1660 940 1758 Carthaginiensibus,
968 1661 1121 1732 cederet.
1150 1667 1296 1760 ltaque,

232 1801 347 1871 quum
369 1773 415 1845 ad
435 1772 521 1844 belli
543 1774 762 1868 societatem¹
775 1795 859 1842 cum
879 1773 1020 1868 ingenti
1041 1775 1201 1844 exercitu
1222 1777 1297 1872 ipse

231 1886 408 1974 venisset,
423 1883 637 1981 Agathocles
653 1882 792 1955 blando
808 1880 997 1980 adloquio,
1012 1899 1049 1956 et
1066 1885 1194 1960 humili
1210 1885 1299 1957 adu-

233 1996 385 2085 latione,
398 2021 513 2096 quum
528 1997 657 2093 saepius
675 1994 784 2065 simul
801 2010 1022 2086 coenassent,
1036 1995 1299 2096 adoptatusque
1413 2013 1415 2018 ’

204 2105 329 2178 ofilius
344 2109 420 2205 ejus
432 2106 480 2178 ab
493 2105 649 2204 Ophelta
665 2120 774 2194 esset,
786 2108 974 2178 incautum
988 2107 1178 2200 interficit,
1195 2135 1301 2182 occu·

234 2234 393 2318 patoque
410 2220 572 2290 exercitu
587 2220 684 2315 ejus,
697 2219 827 2290 iterato
840 2217 1169 2318 Carthaginienses,
1183 2225 1301 2294 omni-

233 2330 303 2403 bus
321 2329 459 2401 viribus
479 2327 617 2401 bellum
637 2331 793 2417 cientes,
809 2353 942 2427 magno
960 2332 1149 2430 utriusque
1167 2333 1300 2405 exerci-

206 2457 293 2520 7tus
316 2443 513 2538 sanguine,
536 2441 635 2538 gravi
659 2439 784 2539 praelio
810 2455 964 2538 superat.
992 2448 1070 2513 Hoc
1097 2447 1302 2516 certaminis

236 2553 446 2625 discrimine
465 2567 565 2625 tanta
584 2552 788 2650 desperatio
812 2550 907 2623 illata
929 2554 1048 2624 Poenis
1067 2569 1139 2644 est,
1154 2570 1213 2644 ut,
1230 2558 1301 2628 nisi

236 2664 276 2733 in
291 2665 452 2736 exercitu
470 2663 675 2761 Agathoclis
693 2678 774 2734 orta
789 2662 916 2734 seditio
930 2661 1071 2753 luisset,
1087 2668 1302 2740 transiturus

238 2774 284 2845 ad
298 2800 382 2846 eum
399 2775 589 2864 Bomilcar,
603 2799 667 2845 rex
681 2778 896 2862 Poenorum,
910 2798 992 2844 cum
1010 2779 1170 2848 exercitu
1183 2775 1301 2849 luerit.

211 2881 296 2954 80b
315 2907 425 2980 quam
443 2908 577 2954 noxam
593 2888 633 2954 in
651 2883 771 2954 medio
785 2881 867 2955 soro
881 2909 902 2954 a
918 2889 1039 2958 Poenis
1053 2888 1217 2986 patibulo
1231 2887 1304 2962 suf-

240 2991 334 3066 fixus
351 3009 404 3066 est
419 3022 427 3064 :
445 3010 487 3065 ut
503 2994 600 3066 idem
617 2994 721 3066 locus
737 3012 1019 3069 monumentum
1040 3001 1303 3098 suppliciorum

241 3107 318 3203 ejus
342 3122 456 3193 esset,
479 3108 542 3206 qui
568 3121 653 3179 ante
677 3105 796 3180 luerat
823 3125 1080 3182 ornamentum
1107 3111 1303 3184 honorum.
1418 3179 1422 3187 .

275 3333 344 3386 v11.
357 3353 382 3387 a.
396 3334 465 3386 vest.
475 3333 507 3384 In
517 3333 560 3386 his
570 3333 626 3404 ipse
634 3332 689 3387 dux
698 3335 753 3386 lla·
794 3332 873 3384 senia.
886 3363 919 3373 -
933 3339 978 3406 Spe
990 3335 1097 3407 improba
1109 3357 1239 3410 regnum...
1251 3359 1305 3392 aas·

240 3411 629 3485 milear‚cujuscaesieaputad
638 3415 754 3485 Agatho·
787 3412 887 3482 plcans.
909 3415 1022 3484 Spemne
1045 3419 1162 3488 amplum
1183 3437 1305 3490 regnum.

241 3492 309 3544 clem
317 3491 484 3554 mittebatur,
494 3491 755 3563 caeterisperplateas
795 3489 1195 3564 ConlerDiod.XX,lo-4²,A.
1203 3499 1236 3552 U.
1245 3502 1306 3565 446,

241 3572 339 3622 tractis.
358 3569 458 3640 Confer
475 3567 556 3621 Diod.
575 3571 642 3634 XX,
658 3571 754 3638 15·16,
794 3567 841 3620 ubi
854 3569 975 3624 scribitur
989 3573 1108 3644 ophellas.

242 3659 270 3700 et
277 3667 335 3718 cap.
348 3648 444 3716 ²9³⁰,
455 3647 484 3699 h.
494 3648 513 3700 l.
523 3647 591 3700 iuba
601 3665 659 3720 cap.
669 3649 700 3712 8,
711 3668 735 3701 a.
831 3645 857 3699 5.
867 3677 902 3687 -
913 3649 990 3703 Anno
1001 3651 1082 3704 Urbis
1094 3658 1154 3716 446.

278 3725 755 3780 3.Amicitianm.Societatis.—Auno
830 3742 856 3794 7.
875 3728 1003 3781 Bomilcar.
1022 3729 1121 3785 Conler
1140 3731 1220 3788 Diod.
1239 3731 1309 3800 XX,

243 3801 465 3867 Urbium-445.
797 3801 891 3868 ll·ll;
900 3807 960 3860 coll.
969 3826 1026 3881 cap.
1038 3817 1188 3864 m.-1te.e.
1197 3813 1309 3885 Respice

280 3886 305 3942 4.
316 3881 436 3950 Opheltes.
447 3880 488 3933 Ita
498 3900 549 3953 pro
559 3882 632 3955 vulg.
643 3882 757 3954 Aploellos
796 3877 879 3947 XIX,
895 3901 920 3950 1,
936 3905 961 3956 7.

242 3955 344 4026 (ceteri
354 3957 455 4008 variant
465 3958 494 4010 in
506 3959 621 4026 Assellai,
634 3961 756 4033 Opltellas,
832 3960 857 4012 8.
873 3969 904 4015 ut
916 3965 977 4016 idem
989 3966 1054 4019 locu
1065 3979 1116 4022 etc.
1129 3969 1169 4021 Ita
1178 3967 1309 4032 Manlius,

246 4035 364 4103 offellas,
387 4035 485 4104 Ofelas)
506 4041 594 4110 recepi
608 4059 640 4092 ex
655 4039 715 4093 Atd.
730 4053 758 4094 et
797 4039 920 4114 Capitolii
937 4059 1070 4113 servator,
1088 4046 1210 4100 adsectati
1233 4046 1311 4117 regni

243 4113 333 4180 lunt,
344 4115 756 4176 necnonexPlutetchoeth·
797 4123 999 4192 condemnatus,
1015 4125 1046 4178 de
1061 4145 1124 4179 seeo
1138 4129 1237 4199 Tarpeio
1247 4125 1311 4196 deji-
