2967 4684
243 313 313 400 432
671 317 886 388 JUSTINI

243 457 392 537 quoque
417 436 591 510 Cimbrici
616 435 702 509 belli
731 436 924 522 tumultus,
948 434 1046 508 velut
1073 434 1171 508 ultor
1196 457 1305 508 sacra

197 571 230 608 u
242 552 421 647 pecunia,
434 551 649 645 insequutus
664 561 727 619 est
741 551 795 618 Ex
813 559 919 642 gente
932 551 1211 642 Tectosagorum
1226 571 1305 616 non
1343 553 1345 560 “

241 661 433 733 mediocris
447 658 618 758 populus,
633 657 761 757 praedae
774 656 985 746 dulcedine,
1000 656 1185 753 Illyricsun
1202 678 1305 754 repe·

197 771 229 826 1³
243 773 341 858 tivit,
352 768 585 870 spoliatisque
600 771 721 858 lstris,
735 770 776 839 in
795 769 985 840 Pannonia
1001 766 1176 840 consedit
1195 773 1304 839 Istro·

240 907 323 952 rum
351 896 496 978 gentem
523 877 617 952 saura
644 893 699 950 est
724 881 903 978 originem
929 902 950 949 a
974 876 1121 952 Colchis
1150 877 1305 966 ducere,

241 995 357 1064 missis
371 991 418 1062 ab
432 995 531 1062 AEeta
550 1014 634 1087 rege
649 988 696 1062 ad
710 995 952 1086 Argonautas,
969 1004 1204 1088 raptoresque
1223 987 1304 1060 fitiae

195 1109 229 1166 tt
241 1101 513 1200 persequendos
532 1128 541 1171 ε
560 1105 624 1198 qui
645 1114 687 1171 ut
710 1124 732 1170 a
757 1105 875 1172 Ponto
903 1103 1130 1173 intraverunt
1153 1105 1304 1188 Istrum,

240 1212 342 1284 alveo
352 1214 432 1284 Savi
444 1211 606 1284 fluminis
617 1213 763 1312 penitus
775 1213 920 1299 invecti,
930 1212 1075 1309 vestigia
1085 1216 1305 1308 Argonauta-

163 1387 171 1400 ,
238 1348 323 1395 rum
339 1325 593 1420 insequentes,
608 1329 719 1394 naves
739 1345 821 1394 suas
836 1317 997 1392 humeris
1017 1345 1082 1419 per
1096 1321 1181 1416 juga
1199 1343 1304 1389 mon·

239 1434 330 1504 tium
355 1459 473 1530 usque
494 1431 542 1504 ad
563 1432 648 1504 litus
670 1431 864 1504 Hadriatici
889 1432 997 1502 maris
1021 1429 1304 1520 transtulerunt5

239 1546 406 1640 cognito,
416 1542 517 1640 quod
527 1547 742 1639 Argonauta
751 1541 847 1614 idem
860 1558 1008 1642 propter
1017 1541 1304 1638 magnitudinem

238 1655 341 1724 navis
360 1655 499 1750 priores
522 1650 692 1724 fecissent
708 1681 717 1723 ε
736 1677 829 1751 quos
848 1669 891 1726 ut
910 1668 1055 1726 avectos
1078 1651 1206 1726 Colchi
1226 1677 1304 1723 non

237 1765 446 1861 reperiunt,
462 1765 535 1836 sive
553 1779 654 1836 metu
670 1765 784 1862 regis,
804 1765 876 1835 sive
898 1764 1004 1837 taedio
1025 1764 1142 1861 longae
1162 1764 1304 1859 naviga·

194 1869 227 1926 ¹⁵
239 1872 368 1959 tionis,
383 1873 486 1969 juxta
504 1874 704 1972 Aquileiam
725 1874 943 1962 consedere;
956 1876 1113 1972 Istrique
1133 1898 1177 1945 ex
1196 1898 1304 1944 voca·

193 1986 227 2038 ¹⁶
238 1982 327 2054 bulo
345 1986 480 2077 amnis,
498 2010 572 2083 quo
589 2011 610 2057 a
627 1987 717 2058 mari
736 1999 1010 2073 concesserant,
1023 1982 1202 2083 appellati.
1213 1985 1303 2054 Daci

238 2118 387 2192 quoque
403 2093 547 2168 soboles
561 2100 736 2168 Getarum
748 2111 835 2168 sunt
845 2123 852 2165 :
864 2098 927 2194 qui
942 2120 1072 2194 quum,
1085 2093 1193 2167 Orole
1202 2119 1304 2191 rege,

236 2307 268 2360 7,
279 2290 311 2356 33
324 2290 394 2344 Gell.
408 2291 512 2362 111‚9;
525 2294 580 2348 Cic.
592 2295 653 2348 Nat.
667 2295 749 2350 Deor.
790 2299 957 2366 margarinus.
967 2295 1012 2349 Nil
1021 2263 1177 2348 mutandum
1183 2293 1303 2361 videtur;

236 2367 268 2434 ³,
282 2369 330 2435 30;
344 2371 421 2424 Oros.
435 2371 534 2438 V,1s.
553 2405 588 2415 -
607 2381 750 2447 Imequutus
790 2387 816 2426 et
835 2373 1053 2446 intelligendum,
1067 2387 1097 2428 ut
1116 2375 1304 2446 interpretatur

235 2458 281 2539 sat:
287 2449 380 2515 Falso3
390 2467 453 2502 nam
462 2465 629 2523 processerat
640 2453 748 2524 potius;
790 2453 913 2518 Vossius,
928 2455 1042 2519 scilicet,
1056 2451 1129 2525 quod
1142 2454 1241 2508 flumen
1253 2455 1303 2508 Sa·

234 2531 748 2673 tttpt.tttt,⁶tt¹sst.t”2.ldti
788 2532 1303 2682 iliisslissmiilssliiiiffi}

234 2680 264 2733 in
283 2683 369 2735 Gallia
381 2684 524 2754 fugassent.
542 2684 606 2738 Vid.
624 2685 747 2738 Faeinsh.
788 2689 840 2741 illis
852 2689 1063 2754 necessaiuisse,
1076 2689 1147 2740 illam
1157 2688 1239 2742 fluvio
1251 2691 1302 2742 ela—

235 2760 322 2831 suppl.
342 2760 400 2812 Liv.
422 2761 509 2826 va,
526 2766 572 2827 163
590 2775 652 2834 post
664 2764 748 2817 varias
788 2779 841 2820 tam
861 2767 979 2820 humeris
996 2767 1051 2820 suis
1066 2767 1095 2820 in
1111 2767 1173 2820 litus
1188 2765 1301 2820 Adriati-

234 2847 336 2901 autem,
350 2837 445 2908 quibus
458 2841 590 2892 Romanos
601 2841 748 2912 fregerant,
789 2864 849 2898 cum
862 2845 1009 2918 deportare.
1024 2865 1070 2899 sn.

235 2911 337 2977 clades,
352 2914 404 2985 ipsi
417 2934 488 2968 anno
499 2917 548 2971 651
562 2930 589 2970 et
598 2918 648 2972 652
662 2937 678 2970 a
689 2919 748 2970 Ma·
827 2925 867 2976 15.
881 2925 1023 2996 Aquileiam.
1037 2925 1069 2976 In
1087 2924 1157 2976 Foro
1172 2924 1253 2976 lulio.
1264 2956 1300 2966 -

234 2991 277 3044 rio
289 2989 452 3060 funduntur,
464 3013 494 3047 ac
513 3014 599 3067 prope
615 2996 747 3051 delentur.
789 3001 1083 3075 Istrique.Diodor.1V,
1097 3003 1146 3077 ⁵⁸2·
1158 3003 1226 3056 Ptin.
1238 3002 1300 3069 ΙΙΙ,

234 3101 270 3111 -
285 3071 361 3123 Ultor.
373 3073 445 3137 Ultio,
454 3072 528 3145 quod
537 3077 651 3147 conjecit
661 3078 746 3131 Gron.
791 3083 837 3146 183
850 3083 957 3134 Aristot.
971 3082 1039 3134 Hist.
1052 3081 1142 3134 Anim.
1158 3080 1243 3146 V111,
1258 3081 1298 3134 13.

234 3167 311 3214 avus,
322 3151 491 3206 conlimatur
503 3151 620 3208 editione
629 3157 747 3210 Romana
788 3190 821 3200 -
835 3165 888 3228 Quo
901 3180 926 3211 a.
940 3161 1064 3232 laquem
1078 3162 1204 3228 (amnem)
1217 3177 1224 3211 :
1236 3157 1299 3213 cod.

234 3226 376 3282 etduobtt!
392 3229 537 3284 codicibus·
586 3293 591 3302 ,
787 3239 873 3309 Bong.
893 3259 941 3312 qua
961 3241 1001 3308 (S.
1021 3242 1055 3309 7)
1073 3259 1095 3290 e.
1116 3269 1150 3278 —-
1167 3241 1241 3290 Mari.
1260 3238 1298 3290 Ιε.

270 3320 311 3362 ta.
325 3315 357 3360 In
366 3312 503 3362 Panionia.
516 3311 667 3366 Danubium
676 3311 747 3367 inter
788 3315 866 3370 Voss.
882 3317 989 3388 conjicit
1001 3320 1105 3382 Norico,
1117 3316 1173 3369 sive
1186 3321 1297 3380 Nemeo,

232 3398 260 3440 et
272 3387 380 3441 Savum.
786 3393 859 3466 quod
871 3407 910 3447 est
921 3395 1018 3448 ostium
1030 3393 1104 3459 lstri,
1114 3392 1187 3465 quod
1199 3393 1299 3464 ingres·

269 3467 311 3520 13.
321 3473 489 3542 Itqrtomque.
499 3466 568 3522 Edd.
578 3483 692 3542 quatuor
699 3489 746 3524 an·
785 3491 845 3526 suus
854 3491 910 3526 esse
920 3469 1086 3526 tradiderunt
1097 3475 1204 3538 AEcteu,
1214 3491 1298 3543 quum

232 3543 311 3616 tiquae
318 3558 492 3620 raptoremque,
505 3546 535 3600 id
546 3548 744 3615 emtionem,
784 3551 949 3622 Argonautas
969 3561 1180 3623 persequeretur.
1199 3551 1298 3606 Confer

231 3619 340 3696 dequo
362 3627 573 3698 Argonautarum
597 3625 666 3681 duce
685 3627 742 3682 vid.
784 3631 908 3701 Apollon.
922 3628 1010 3684 ahod.
1024 3633 1125 3702 Argon.
1141 3631 1190 3684 tv.

231 3699 366 3771 Heyntum
383 3704 418 3758 ad
436 3703 591 3777 Apollodor.
603 3705 631 3770 1,
647 3723 679 3773 9,
700 3709 741 3759 16.
821 3711 862 3763 16.
877 3710 957 3763 Orole.
970 3710 1080 3764 Variaut
1096 3707 1174 3762 codd.
1189 3721 1215 3762 et
1231 3707 1296 3761 edd.

269 3785 310 3841 14.
323 3785 402 3834 Nares
413 3802 470 3836 suas
486 3785 616 3836 Amnis...
635 3796 742 3836 mastu-
783 3786 810 3840 in
826 3789 911 3854 orote,
926 3790 1011 3854 olore,
1029 3787 1116 3842 Orode.
1133 3787 1170 3842 Is.
1185 3787 1296 3842 Vossius

231 3851 317 3908 lerunt·
330 3857 408 3913 cont.
425 3862 551 3933 Apollon.
569 3864 669 3934 Argon.
689 3862 741 3930 1v,
783 3879 870 3918 autem
889 3868 997 3938 conjicit
1014 3867 1143 3920 Boerehisia
1160 3885 1193 3919 ex
1208 3866 1294 3920 strab.

234 3933 266 3985 18
293 3950 364 4005 seqq.
384 3967 418 3977 -
447 3939 638 4008 Magsdudmem
665 3944 740 3994 navo.
784 3943 1296 4016 Vll,cuiestssupacleeae,etexpro·

231 4010 322 4102 llulgo
337 4013 508 4084 longitudinem
530 4021 605 4070 navis.
622 4019 740 4091 Bongar·
780 4021 844 4094 logo
857 4023 936 4095 hujus
949 4023 1026 4090 libri,
1038 4023 1084 4078 ubi
1100 4023 1241 4094 depravate
1257 4022 1296 4076 le-

229 4107 284 4144 uus
301 4102 388 4144 autem
406 4092 593 4166 interpretatur
607 4101 674 4153 uaris
690 4117 740 4172 per
770 4101 854 4173 *gitur
861 4101 1107 4156 Bubulcum-Ad
1114 4103 1225 4156 utrumn
1236 4119 1295 4170 seg-
